时间,成交价,手数,买卖盘性质
09:15:03,8.88,54,中性盘
09:15:06,8.9,271,中性盘
09:15:09,8.8,1140,中性盘
09:15:12,8.8,1255,中性盘
09:15:15,8.8,2313,中性盘
09:15:18,8.8,2331,中性盘
09:15:24,8.8,2331,中性盘
09:15:30,8.8,2416,中性盘
09:15:33,8.72,3652,中性盘
09:15:36,8.72,3765,中性盘
09:15:39,8.72,3771,中性盘
09:15:45,8.6,6342,中性盘
09:15:48,8.6,6342,中性盘
09:15:51,8.6,6342,中性盘
09:15:54,8.6,6342,中性盘
09:15:57,8.6,6342,中性盘
09:16:00,8.6,6663,中性盘
09:16:03,8.6,6693,中性盘
09:16:06,8.6,6777,中性盘
09:16:09,8.51,6881,中性盘
09:16:12,8.51,6892,中性盘
09:16:15,8.51,6892,中性盘
09:16:18,8.51,6849,中性盘
09:16:21,8.51,6839,中性盘
09:16:24,8.51,6852,中性盘
09:16:27,8.51,6998,中性盘
09:16:30,8.51,7057,中性盘
09:16:33,8.51,7412,中性盘
09:16:36,8.51,7404,中性盘
09:16:39,8.51,7424,中性盘
09:16:42,8.51,7506,中性盘
09:16:45,8.51,7537,中性盘
09:16:48,8.51,7644,中性盘
09:16:51,8.51,7677,中性盘
09:16:54,8.51,7771,中性盘
09:16:57,8.51,8238,中性盘
09:17:00,8.51,8430,中性盘
09:17:03,8.51,8582,中性盘
09:17:06,8.51,8624,中性盘
09:17:09,8.51,8805,中性盘
09:17:12,8.51,8869,中性盘
09:17:15,8.51,9039,中性盘
09:17:18,8.51,9055,中性盘
09:17:21,8.51,9055,中性盘
09:17:24,8.51,8651,中性盘
09:17:27,8.51,8667,中性盘
09:17:30,8.51,8684,中性盘
09:17:33,8.51,8741,中性盘
09:17:36,8.51,8757,中性盘
09:17:39,8.51,8825,中性盘
09:17:42,8.51,8909,中性盘
09:17:45,8.51,8955,中性盘
09:17:48,8.51,9042,中性盘
09:17:51,8.51,9071,中性盘
09:17:54,8.51,9188,中性盘
09:17:57,8.51,9259,中性盘
09:18:00,8.51,9352,中性盘
09:18:03,8.51,9642,中性盘
09:18:06,8.51,9183,中性盘
09:18:09,8.51,9429,中性盘
09:18:12,8.51,9477,中性盘
09:18:15,8.51,9596,中性盘
09:18:18,8.51,9682,中性盘
09:18:21,8.51,10021,中性盘
09:18:24,8.51,10032,中性盘
09:18:27,8.51,10127,中性盘
09:18:30,8.51,11117,中性盘
09:18:33,8.51,11357,中性盘
09:18:36,8.51,11372,中性盘
09:18:39,8.51,11333,中性盘
09:18:42,8.51,11395,中性盘
09:18:45,8.51,11467,中性盘
09:18:48,8.51,11500,中性盘
09:18:51,8.51,11575,中性盘
09:18:54,8.51,11722,中性盘
09:18:57,8.51,11764,中性盘
09:19:00,8.51,11943,中性盘
09:19:03,8.51,11986,中性盘
09:19:06,8.51,12038,中性盘
09:19:09,8.51,12100,中性盘
09:19:12,8.51,12131,中性盘
09:19:15,8.51,12187,中性盘
09:19:18,8.51,12237,中性盘
09:19:21,8.51,12247,中性盘
09:19:24,8.51,12855,中性盘
09:19:27,8.51,12983,中性盘
09:19:30,8.51,13058,中性盘
09:19:33,8.51,13139,中性盘
09:19:36,8.51,10471,中性盘
09:19:39,8.51,10471,中性盘
09:19:42,8.51,10477,中性盘
09:19:45,8.51,10477,中性盘
09:19:48,8.72,2371,中性盘
09:19:51,8.72,2377,中性盘
09:19:54,8.72,2374,中性盘
09:19:57,8.72,2375,中性盘
09:20:00,8.72,2381,中性盘
09:20:03,8.72,2441,中性盘
09:20:06,8.7,3033,中性盘
09:20:09,8.7,3059,中性盘
09:20:12,8.7,3059,中性盘
09:20:15,8.68,3226,中性盘
09:20:18,8.7,3227,中性盘
09:20:21,8.7,3287,中性盘
09:20:24,8.7,3297,中性盘
09:20:27,8.7,3300,中性盘
09:20:30,8.7,3305,中性盘
09:20:33,8.57,6289,中性盘
09:20:36,8.58,6315,中性盘
09:20:39,8.58,6315,中性盘
09:20:42,8.58,6320,中性盘
09:20:45,8.58,6320,中性盘
09:20:48,8.58,6363,中性盘
09:20:51,8.58,6364,中性盘
09:20:54,8.58,6372,中性盘
09:20:57,8.58,6392,中性盘
09:21:00,8.58,6404,中性盘
09:21:03,8.58,6484,中性盘
09:21:06,8.58,6487,中性盘
09:21:09,8.58,6491,中性盘
09:21:12,8.58,6926,中性盘
09:21:15,8.58,6966,中性盘
09:21:18,8.58,6995,中性盘
09:21:21,8.58,7007,中性盘
09:21:24,8.58,7037,中性盘
09:21:27,8.58,7337,中性盘
09:21:30,8.58,7350,中性盘
09:21:33,8.58,7362,中性盘
09:21:36,8.58,7382,中性盘
09:21:39,8.58,7383,中性盘
09:21:42,8.58,7383,中性盘
09:21:45,8.58,7433,中性盘
09:21:48,8.58,7677,中性盘
09:21:51,8.58,7687,中性盘
09:21:54,8.58,7687,中性盘
09:21:57,8.58,7762,中性盘
09:22:00,8.58,7862,中性盘
09:22:03,8.58,7903,中性盘
09:22:06,8.58,7903,中性盘
09:22:09,8.58,7913,中性盘
09:22:12,8.58,7936,中性盘
09:22:15,8.58,7938,中性盘
09:22:18,8.58,7938,中性盘
09:22:21,8.58,7938,中性盘
09:22:24,8.58,7961,中性盘
09:22:27,8.58,8181,中性盘
09:22:30,8.58,8433,中性盘
09:22:33,8.58,8440,中性盘
09:22:36,8.59,8490,中性盘
09:22:39,8.59,8490,中性盘
09:22:42,8.59,8490,中性盘
09:22:45,8.59,8545,中性盘
09:22:48,8.59,8545,中性盘
09:22:51,8.6,8545,中性盘
09:22:54,8.6,8585,中性盘
09:22:57,8.59,8785,中性盘
09:23:00,8.59,8907,中性盘
09:23:03,8.59,9245,中性盘
09:23:06,8.59,9245,中性盘
09:23:09,8.59,9339,中性盘
09:23:12,8.59,10226,中性盘
09:23:15,8.59,10250,中性盘
09:23:18,8.59,10317,中性盘
09:23:21,8.58,10536,中性盘
09:23:24,8.58,10597,中性盘
09:23:27,8.59,10640,中性盘
09:23:30,8.59,10654,中性盘
09:23:33,8.59,10733,中性盘
09:23:36,8.59,10805,中性盘
09:23:39,8.59,10917,中性盘
09:23:42,8.59,11014,中性盘
09:23:45,8.59,11072,中性盘
09:23:48,8.59,11109,中性盘
09:23:51,8.59,11175,中性盘
09:23:54,8.59,11213,中性盘
09:23:57,8.59,11420,中性盘
09:24:00,8.59,11728,中性盘
09:24:03,8.59,11757,中性盘
09:24:06,8.59,11866,中性盘
09:24:09,8.59,12138,中性盘
09:24:12,8.59,12261,中性盘
09:24:15,8.59,12528,中性盘
09:24:18,8.59,12904,中性盘
09:24:21,8.59,13003,中性盘
09:24:24,8.59,13314,中性盘
09:24:27,8.59,13378,中性盘
09:24:30,8.59,13425,中性盘
09:24:33,8.59,13605,中性盘
09:24:36,8.59,14373,中性盘
09:24:39,8.59,14456,中性盘
09:24:42,8.59,14753,中性盘
09:24:45,8.59,15056,中性盘
09:24:48,8.59,15510,中性盘
09:24:51,8.59,15869,中性盘
09:24:54,8.59,17150,中性盘
09:24:57,8.59,19186,中性盘
09:25:00,8.59,19455,中性盘
09:25:03,8.59,19455,卖盘
09:30:00,8.62,45,买盘
09:30:03,8.6,3411,卖盘
09:30:06,8.62,3723,卖盘
09:30:09,8.61,3262,卖盘
09:30:12,8.65,4636,买盘
09:30:15,8.64,4885,卖盘
09:30:18,8.62,2736,卖盘
09:30:21,8.61,2937,卖盘
09:30:24,8.61,5653,买盘
09:30:27,8.59,3379,卖盘
09:30:30,8.59,2249,卖盘
09:30:33,8.58,4628,卖盘
09:30:36,8.56,6488,卖盘
09:30:39,8.57,2562,买盘
09:30:42,8.56,2862,卖盘
09:30:45,8.56,2471,买盘
09:30:48,8.55,3588,卖盘
09:30:51,8.53,3049,卖盘
09:30:54,8.53,1543,买盘
09:30:57,8.53,2011,买盘
09:31:00,8.55,4192,买盘
09:31:03,8.53,3248,卖盘
09:31:06,8.54,2050,买盘
09:31:09,8.55,1468,买盘
09:31:12,8.54,2183,卖盘
09:31:15,8.54,892,买盘
09:31:18,8.54,4179,买盘
09:31:21,8.54,1188,卖盘
09:31:24,8.55,2242,买盘
09:31:27,8.56,757,买盘
09:31:30,8.57,680,买盘
09:31:33,8.56,1290,卖盘
09:31:36,8.57,657,买盘
09:31:39,8.56,2650,卖盘
09:31:42,8.56,3593,买盘
09:31:45,8.55,954,卖盘
09:31:48,8.56,2368,买盘
09:31:51,8.56,654,买盘
09:31:54,8.56,1268,卖盘
09:31:57,8.56,453,卖盘
09:32:00,8.57,731,买盘
09:32:03,8.56,605,卖盘
09:32:06,8.57,335,买盘
09:32:09,8.57,1768,卖盘
09:32:12,8.57,1762,买盘
09:32:15,8.57,496,买盘
09:32:18,8.56,953,卖盘
09:32:21,8.57,557,卖盘
09:32:24,8.58,2317,买盘
09:32:27,8.58,237,卖盘
09:32:30,8.61,4209,买盘
09:32:33,8.61,461,卖盘
09:32:36,8.63,98,买盘
09:32:39,8.63,558,买盘
09:32:42,8.63,644,买盘
09:32:45,8.63,664,买盘
09:32:48,8.64,879,买盘
09:32:51,8.63,1424,卖盘
09:32:54,8.63,1200,卖盘
09:32:57,8.64,689,卖盘
09:33:00,8.64,1558,买盘
09:33:03,8.63,2526,卖盘
09:33:06,8.63,712,买盘
09:33:09,8.62,1195,卖盘
09:33:12,8.62,672,买盘
09:33:15,8.61,764,卖盘
09:33:18,8.61,954,卖盘
09:33:21,8.61,365,买盘
09:33:24,8.6,2348,卖盘
09:33:27,8.62,920,买盘
09:33:30,8.61,766,卖盘
09:33:33,8.61,649,买盘
09:33:36,8.62,1047,买盘
09:33:39,8.62,1910,买盘
09:33:42,8.62,1529,卖盘
09:33:45,8.61,1302,卖盘
09:33:48,8.63,1619,买盘
09:33:51,8.63,445,卖盘
09:33:54,8.63,856,卖盘
09:33:57,8.63,385,买盘
09:34:00,8.63,562,卖盘
09:34:03,8.62,627,卖盘
09:34:06,8.64,1374,买盘
09:34:09,8.62,591,卖盘
09:34:12,8.63,644,买盘
09:34:15,8.62,723,卖盘
09:34:18,8.62,429,卖盘
09:34:21,8.63,271,买盘
09:34:24,8.63,867,买盘
09:34:27,8.63,559,买盘
09:34:30,8.63,595,买盘
09:34:33,8.63,331,买盘
09:34:36,8.63,560,卖盘
09:34:39,8.63,573,买盘
09:34:42,8.63,444,买盘
09:34:45,8.62,147,卖盘
09:34:48,8.62,229,卖盘
09:34:51,8.62,605,卖盘
09:34:54,8.61,303,卖盘
09:34:57,8.62,871,买盘
09:35:00,8.62,317,卖盘
09:35:03,8.62,495,卖盘
09:35:06,8.62,953,买盘
09:35:09,8.61,451,卖盘
09:35:12,8.62,506,买盘
09:35:15,8.62,1261,买盘
09:35:18,8.61,329,买盘
09:35:21,8.62,681,买盘
09:35:24,8.62,392,卖盘
09:35:27,8.62,505,买盘
09:35:30,8.63,446,买盘
09:35:33,8.62,236,卖盘
09:35:36,8.63,338,买盘
09:35:39,8.63,66,买盘
09:35:42,8.63,336,买盘
09:35:45,8.63,369,买盘
09:35:48,8.63,326,买盘
09:35:51,8.63,117,买盘
09:35:54,8.62,954,卖盘
09:35:57,8.63,481,买盘
09:36:00,8.62,1290,卖盘
09:36:03,8.61,559,卖盘
09:36:06,8.62,543,买盘
09:36:09,8.62,815,卖盘
09:36:12,8.62,641,卖盘
09:36:15,8.61,1081,卖盘
09:36:18,8.62,794,买盘
09:36:21,8.62,493,卖盘
09:36:24,8.62,511,卖盘
09:36:27,8.62,97,买盘
09:36:30,8.61,1957,卖盘
09:36:33,8.61,324,卖盘
09:36:36,8.6,286,卖盘
09:36:39,8.6,630,卖盘
09:36:42,8.61,542,买盘
09:36:45,8.61,883,买盘
09:36:48,8.62,2105,买盘
09:36:51,8.62,1034,卖盘
09:36:54,8.62,189,卖盘
09:36:57,8.62,1070,买盘
09:37:00,8.62,514,卖盘
09:37:03,8.63,576,买盘
09:37:06,8.62,1234,卖盘
09:37:09,8.62,464,卖盘
09:37:12,8.62,289,买盘
09:37:15,8.61,259,卖盘
09:37:18,8.62,489,买盘
09:37:21,8.62,232,买盘
09:37:24,8.61,708,卖盘
09:37:27,8.61,250,卖盘
09:37:30,8.61,104,买盘
09:37:33,8.61,575,买盘
09:37:36,8.62,302,买盘
09:37:39,8.61,413,卖盘
09:37:42,8.61,111,卖盘
09:37:45,8.61,827,卖盘
09:37:48,8.62,491,买盘
09:37:51,8.61,2544,卖盘
09:37:54,8.61,1029,买盘
09:37:57,8.61,421,买盘
09:38:00,8.62,570,买盘
09:38:03,8.61,878,卖盘
09:38:06,8.61,3235,卖盘
09:38:09,8.62,184,买盘
09:38:12,8.62,219,卖盘
09:38:15,8.62,80,卖盘
09:38:18,8.62,249,卖盘
09:38:21,8.62,258,买盘
09:38:24,8.62,491,买盘
09:38:27,8.62,770,买盘
09:38:30,8.62,476,买盘
09:38:33,8.62,220,卖盘
09:38:36,8.62,239,买盘
09:38:39,8.61,465,卖盘
09:38:42,8.63,98,买盘
09:38:45,8.61,1602,卖盘
09:38:48,8.6,4174,卖盘
09:38:51,8.6,891,卖盘
09:38:54,8.59,524,卖盘
09:38:57,8.59,442,卖盘
09:39:00,8.6,735,买盘
09:39:03,8.59,1653,卖盘
09:39:06,8.59,464,卖盘
09:39:09,8.59,382,卖盘
09:39:12,8.59,546,卖盘
09:39:15,8.59,1007,卖盘
09:39:18,8.59,224,买盘
09:39:21,8.59,959,买盘
09:39:24,8.6,2311,买盘
09:39:27,8.6,220,卖盘
09:39:30,8.61,435,买盘
09:39:33,8.6,275,卖盘
09:39:36,8.6,252,卖盘
09:39:39,8.6,95,卖盘
09:39:42,8.61,325,买盘
09:39:45,8.61,848,买盘
09:39:48,8.61,466,买盘
09:39:51,8.61,505,买盘
09:39:54,8.6,641,卖盘
09:39:57,8.6,163,卖盘
09:40:00,8.61,183,卖盘
09:40:03,8.6,348,卖盘
09:40:06,8.6,248,卖盘
09:40:09,8.6,156,卖盘
09:40:12,8.61,562,买盘
09:40:15,8.6,162,卖盘
09:40:18,8.6,806,卖盘
09:40:21,8.6,269,买盘
09:40:24,8.6,317,买盘
09:40:27,8.6,732,买盘
09:40:30,8.6,94,卖盘
09:40:33,8.6,205,卖盘
09:40:36,8.61,459,买盘
09:40:39,8.6,147,卖盘
09:40:42,8.61,96,买盘
09:40:45,8.6,740,卖盘
09:40:48,8.6,118,卖盘
09:40:51,8.61,504,买盘
09:40:54,8.61,701,买盘
09:40:57,8.6,691,卖盘
09:41:00,8.6,588,卖盘
09:41:03,8.61,206,买盘
09:41:06,8.6,552,卖盘
09:41:09,8.6,373,卖盘
09:41:12,8.6,1428,卖盘
09:41:15,8.6,295,买盘
09:41:18,8.6,370,买盘
09:41:21,8.6,547,买盘
09:41:24,8.6,1850,买盘
09:41:27,8.59,894,卖盘
09:41:30,8.59,407,买盘
09:41:33,8.59,194,买盘
09:41:36,8.6,188,买盘
09:41:39,8.59,517,卖盘
09:41:42,8.58,1955,卖盘
09:41:45,8.58,1273,卖盘
09:41:48,8.58,526,卖盘
09:41:51,8.58,56,买盘
09:41:54,8.57,210,卖盘
09:41:57,8.57,596,卖盘
09:42:00,8.57,705,卖盘
09:42:03,8.56,865,卖盘
09:42:06,8.57,690,买盘
09:42:09,8.56,488,卖盘
09:42:12,8.56,536,卖盘
09:42:15,8.56,982,卖盘
09:42:18,8.56,541,卖盘
09:42:21,8.57,483,买盘
09:42:24,8.56,6834,卖盘
09:42:27,8.56,625,买盘
09:42:30,8.55,1146,卖盘
09:42:33,8.55,173,卖盘
09:42:36,8.55,8364,卖盘
09:42:39,8.55,1450,买盘
09:42:42,8.55,306,卖盘
09:42:45,8.55,356,卖盘
09:42:48,8.56,636,买盘
09:42:51,8.56,821,买盘
09:42:54,8.56,736,卖盘
09:42:57,8.56,325,卖盘
09:43:00,8.56,356,卖盘
09:43:03,8.56,311,卖盘
09:43:06,8.56,178,卖盘
09:43:09,8.56,531,卖盘
09:43:12,8.56,585,卖盘
09:43:15,8.56,216,买盘
09:43:18,8.56,1692,卖盘
09:43:21,8.55,359,卖盘
09:43:24,8.56,140,买盘
09:43:27,8.55,679,卖盘
09:43:30,8.55,280,卖盘
09:43:33,8.56,471,买盘
09:43:36,8.55,784,卖盘
09:43:39,8.54,160,卖盘
09:43:42,8.55,521,买盘
09:43:45,8.54,748,卖盘
09:43:48,8.54,592,卖盘
09:43:51,8.54,797,卖盘
09:43:54,8.54,310,卖盘
09:43:57,8.54,831,卖盘
09:44:00,8.54,2097,卖盘
09:44:03,8.54,975,卖盘
09:44:06,8.55,865,买盘
09:44:09,8.55,971,卖盘
09:44:12,8.54,853,卖盘
09:44:15,8.55,284,卖盘
09:44:18,8.55,356,卖盘
09:44:21,8.55,550,卖盘
09:44:24,8.55,356,买盘
09:44:27,8.55,347,买盘
09:44:30,8.55,36,卖盘
09:44:33,8.55,263,卖盘
09:44:36,8.55,336,卖盘
09:44:39,8.55,641,卖盘
09:44:42,8.55,682,卖盘
09:44:45,8.56,375,买盘
09:44:48,8.55,261,卖盘
09:44:51,8.55,142,卖盘
09:44:54,8.56,211,买盘
09:44:57,8.56,201,买盘
09:45:00,8.56,666,买盘
09:45:03,8.56,194,买盘
09:45:06,8.56,3335,卖盘
09:45:09,8.56,882,卖盘
09:45:12,8.57,401,买盘
09:45:15,8.56,583,卖盘
09:45:18,8.58,236,买盘
09:45:21,8.58,40,买盘
09:45:24,8.58,555,买盘
09:45:27,8.58,224,买盘
09:45:30,8.57,864,卖盘
09:45:33,8.58,582,买盘
09:45:36,8.58,80,卖盘
09:45:39,8.58,191,卖盘
09:45:42,8.58,388,卖盘
09:45:45,8.58,622,买盘
09:45:48,8.58,61,买盘
09:45:51,8.58,172,买盘
09:45:54,8.59,172,买盘
09:45:57,8.59,117,买盘
09:46:00,8.58,380,卖盘
09:46:03,8.59,238,买盘
09:46:06,8.57,1058,卖盘
09:46:09,8.58,738,买盘
09:46:12,8.58,151,买盘
09:46:15,8.58,325,买盘
09:46:18,8.58,209,买盘
09:46:21,8.58,406,买盘
09:46:24,8.57,107,卖盘
09:46:27,8.58,308,买盘
09:46:30,8.58,562,卖盘
09:46:33,8.58,191,卖盘
09:46:36,8.58,85,买盘
09:46:39,8.58,282,买盘
09:46:42,8.58,139,卖盘
09:46:45,8.58,347,卖盘
09:46:48,8.58,28,卖盘
09:46:51,8.58,60,买盘
09:46:54,8.58,73,卖盘
09:46:57,8.57,250,卖盘
09:47:00,8.58,560,买盘
09:47:03,8.58,585,买盘
09:47:06,8.58,501,买盘
09:47:09,8.57,638,卖盘
09:47:12,8.58,375,买盘
09:47:15,8.58,74,买盘
09:47:18,8.57,257,卖盘
09:47:21,8.58,147,买盘
09:47:24,8.58,151,卖盘
09:47:27,8.58,114,卖盘
09:47:30,8.58,289,买盘
09:47:33,8.58,212,卖盘
09:47:36,8.58,148,买盘
09:47:39,8.58,172,买盘
09:47:42,8.58,112,买盘
09:47:45,8.57,305,卖盘
09:47:48,8.57,359,卖盘
09:47:51,8.58,96,买盘
09:47:54,8.57,139,卖盘
09:47:57,8.58,720,买盘
09:48:00,8.57,852,卖盘
09:48:03,8.57,1093,卖盘
09:48:06,8.57,222,买盘
09:48:09,8.58,13,买盘
09:48:12,8.58,77,买盘
09:48:15,8.57,340,卖盘
09:48:18,8.57,384,买盘
09:48:21,8.57,168,买盘
09:48:24,8.58,235,买盘
09:48:27,8.57,85,卖盘
09:48:30,8.58,60,买盘
09:48:33,8.57,388,卖盘
09:48:36,8.57,23,卖盘
09:48:39,8.57,109,卖盘
09:48:42,8.58,271,买盘
09:48:45,8.58,143,买盘
09:48:48,8.58,144,买盘
09:48:51,8.57,327,卖盘
09:48:54,8.57,110,卖盘
09:48:57,8.57,281,卖盘
09:49:00,8.57,277,卖盘
09:49:03,8.57,486,卖盘
09:49:06,8.58,642,买盘
09:49:09,8.58,56,买盘
09:49:12,8.57,152,卖盘
09:49:15,8.58,216,买盘
09:49:18,8.58,132,买盘
09:49:21,8.58,430,买盘
09:49:24,8.58,102,买盘
09:49:27,8.58,118,买盘
09:49:30,8.58,104,买盘
09:49:33,8.58,73,买盘
09:49:36,8.58,865,买盘
09:49:39,8.57,639,卖盘
09:49:42,8.58,558,买盘
09:49:45,8.58,502,买盘
09:49:48,8.58,186,买盘
09:49:51,8.57,114,卖盘
09:49:54,8.57,452,卖盘
09:49:57,8.57,169,卖盘
09:50:00,8.58,114,买盘
09:50:03,8.58,859,买盘
09:50:06,8.58,35,买盘
09:50:09,8.58,226,买盘
09:50:12,8.57,491,卖盘
09:50:15,8.57,182,买盘
09:50:18,8.57,155,买盘
09:50:21,8.57,221,买盘
09:50:24,8.57,154,买盘
09:50:27,8.56,398,卖盘
09:50:30,8.57,100,买盘
09:50:33,8.56,168,卖盘
09:50:36,8.57,331,买盘
09:50:39,8.57,176,买盘
09:50:42,8.57,906,买盘
09:50:45,8.57,540,买盘
09:50:48,8.57,335,买盘
09:50:51,8.57,93,买盘
09:50:54,8.57,239,买盘
09:50:57,8.57,359,买盘
09:51:00,8.56,457,卖盘
09:51:03,8.56,129,卖盘
09:51:06,8.56,379,卖盘
09:51:09,8.56,101,卖盘
09:51:12,8.57,382,买盘
09:51:15,8.57,42,买盘
09:51:18,8.56,346,卖盘
09:51:21,8.56,182,卖盘
09:51:24,8.56,338,卖盘
09:51:27,8.56,330,卖盘
09:51:30,8.56,380,卖盘
09:51:33,8.57,93,买盘
09:51:36,8.56,92,卖盘
09:51:39,8.56,779,卖盘
09:51:42,8.56,1580,买盘
09:51:45,8.56,541,买盘
09:51:48,8.55,205,卖盘
09:51:51,8.56,339,买盘
09:51:54,8.57,2302,买盘
09:51:57,8.59,3475,买盘
09:52:00,8.59,352,买盘
09:52:03,8.59,16,卖盘
09:52:06,8.59,62,卖盘
09:52:09,8.6,1259,买盘
09:52:12,8.6,839,买盘
09:52:15,8.61,54,买盘
09:52:18,8.61,165,买盘
09:52:21,8.61,129,买盘
09:52:24,8.61,155,买盘
09:52:27,8.61,220,卖盘
09:52:30,8.62,298,买盘
09:52:33,8.62,184,买盘
09:52:36,8.62,254,买盘
09:52:39,8.62,556,买盘
09:52:42,8.62,77,卖盘
09:52:45,8.63,1353,买盘
09:52:48,8.63,46,卖盘
09:52:51,8.64,150,买盘
09:52:54,8.64,768,买盘
09:52:57,8.65,859,买盘
09:53:00,8.66,2057,买盘
09:53:03,8.66,265,买盘
09:53:06,8.67,2811,买盘
09:53:09,8.67,272,买盘
09:53:12,8.68,789,买盘
09:53:15,8.67,1262,卖盘
09:53:18,8.69,533,买盘
09:53:21,8.69,399,买盘
09:53:24,8.69,404,买盘
09:53:27,8.69,242,卖盘
09:53:30,8.7,2140,买盘
09:53:33,8.7,883,买盘
09:53:36,8.7,674,买盘
09:53:39,8.7,435,卖盘
09:53:42,8.7,450,卖盘
09:53:45,8.7,302,卖盘
09:53:48,8.71,1000,买盘
09:53:51,8.71,1666,买盘
09:53:54,8.71,1901,卖盘
09:53:57,8.7,733,卖盘
09:54:00,8.7,271,买盘
09:54:03,8.7,511,买盘
09:54:06,8.7,798,买盘
09:54:09,8.69,315,卖盘
09:54:12,8.69,1421,买盘
09:54:15,8.68,122,卖盘
09:54:18,8.68,701,卖盘
09:54:21,8.67,126,卖盘
09:54:24,8.68,361,买盘
09:54:27,8.68,125,买盘
09:54:30,8.68,253,买盘
09:54:33,8.67,237,卖盘
09:54:36,8.67,51,买盘
09:54:39,8.67,190,买盘
09:54:42,8.66,252,卖盘
09:54:45,8.66,142,卖盘
09:54:48,8.66,220,卖盘
09:54:51,8.66,131,卖盘
09:54:54,8.66,417,卖盘
09:54:57,8.67,473,买盘
09:55:00,8.66,189,卖盘
09:55:03,8.67,524,买盘
09:55:06,8.67,798,卖盘
09:55:09,8.66,430,卖盘
09:55:12,8.67,312,买盘
09:55:15,8.68,73,买盘
09:55:18,8.68,104,买盘
09:55:21,8.67,57,卖盘
09:55:24,8.67,410,卖盘
09:55:27,8.67,36,卖盘
09:55:30,8.68,55,买盘
09:55:33,8.68,379,买盘
09:55:36,8.68,95,买盘
09:55:39,8.67,98,卖盘
09:55:42,8.68,161,买盘
09:55:45,8.67,366,卖盘
09:55:48,8.68,446,买盘
09:55:51,8.68,1063,买盘
09:55:54,8.67,157,卖盘
09:55:57,8.68,262,买盘
09:56:00,8.68,44,卖盘
09:56:03,8.68,238,买盘
09:56:06,8.68,447,卖盘
09:56:09,8.69,476,买盘
09:56:12,8.68,192,卖盘
09:56:15,8.68,408,卖盘
09:56:18,8.69,157,买盘
09:56:21,8.69,40,买盘
09:56:24,8.68,49,卖盘
09:56:27,8.69,168,买盘
09:56:30,8.69,214,买盘
09:56:33,8.68,169,卖盘
09:56:36,8.68,329,卖盘
09:56:39,8.69,295,买盘
09:56:42,8.69,86,买盘
09:56:45,8.7,1393,买盘
09:56:48,8.69,287,卖盘
09:56:51,8.69,2590,卖盘
09:56:54,8.68,1542,卖盘
09:56:57,8.68,161,买盘
09:57:00,8.69,134,买盘
09:57:03,8.69,270,买盘
09:57:06,8.68,312,卖盘
09:57:09,8.68,312,卖盘
09:57:12,8.69,439,买盘
09:57:15,8.68,428,卖盘
09:57:18,8.68,107,卖盘
09:57:21,8.69,1177,买盘
09:57:24,8.68,647,卖盘
09:57:27,8.68,2288,卖盘
09:57:30,8.68,1501,买盘
09:57:33,8.68,146,卖盘
09:57:36,8.68,41,卖盘
09:57:39,8.69,388,买盘
09:57:42,8.69,106,买盘
09:57:45,8.69,171,买盘
09:57:48,8.69,345,买盘
09:57:51,8.69,379,买盘
09:57:54,8.69,395,买盘
09:57:57,8.69,553,卖盘
09:58:00,8.69,94,卖盘
09:58:03,8.69,654,卖盘
09:58:06,8.69,344,卖盘
09:58:09,8.69,1498,买盘
09:58:12,8.7,201,买盘
09:58:15,8.69,32,卖盘
09:58:18,8.69,176,买盘
09:58:21,8.69,62,买盘
09:58:24,8.69,66,买盘
09:58:27,8.69,203,买盘
09:58:30,8.68,11,卖盘
09:58:33,8.69,172,买盘
09:58:36,8.68,293,卖盘
09:58:39,8.69,406,买盘
09:58:42,8.69,20,买盘
09:58:45,8.69,51,买盘
09:58:48,8.69,72,买盘
09:58:51,8.69,80,买盘
09:58:54,8.68,115,卖盘
09:58:57,8.69,129,买盘
09:59:00,8.68,3187,卖盘
09:59:03,8.69,247,买盘
09:59:06,8.69,484,买盘
09:59:09,8.68,195,卖盘
09:59:12,8.68,182,买盘
09:59:15,8.68,51,买盘
09:59:18,8.68,480,买盘
09:59:21,8.68,209,卖盘
09:59:24,8.68,255,卖盘
09:59:27,8.68,77,买盘
09:59:30,8.68,98,买盘
09:59:33,8.67,38,卖盘
09:59:36,8.67,404,卖盘
09:59:39,8.67,1157,卖盘
09:59:42,8.67,355,卖盘
09:59:45,8.66,1950,卖盘
09:59:48,8.66,129,卖盘
09:59:51,8.67,74,买盘
09:59:54,8.67,240,买盘
09:59:57,8.66,95,卖盘
10:00:00,8.66,90,卖盘
10:00:03,8.66,71,卖盘
10:00:06,8.66,29,卖盘
10:00:09,8.66,273,卖盘
10:00:12,8.66,54,卖盘
10:00:15,8.66,134,卖盘
10:00:18,8.66,86,卖盘
10:00:21,8.66,846,卖盘
10:00:24,8.66,427,卖盘
10:00:27,8.66,296,卖盘
10:00:30,8.66,2091,买盘
10:00:33,8.66,225,卖盘
10:00:36,8.67,722,买盘
10:00:39,8.66,134,卖盘
10:00:42,8.66,80,买盘
10:00:45,8.67,2974,买盘
10:00:48,8.66,116,卖盘
10:00:51,8.66,484,卖盘
10:00:54,8.66,431,卖盘
10:00:57,8.67,58,买盘
10:01:00,8.67,40,买盘
10:01:03,8.67,335,买盘
10:01:06,8.67,20,买盘
10:01:09,8.66,37,卖盘
10:01:12,8.66,92,卖盘
10:01:15,8.66,165,卖盘
10:01:18,8.66,268,卖盘
10:01:21,8.67,20,买盘
10:01:24,8.66,52,卖盘
10:01:27,8.66,1,卖盘
10:01:30,8.66,13,卖盘
10:01:33,8.67,27,买盘
10:01:36,8.66,816,卖盘
10:01:39,8.67,16,买盘
10:01:42,8.66,395,卖盘
10:01:45,8.66,109,卖盘
10:01:48,8.67,40,买盘
10:01:51,8.67,256,买盘
10:01:54,8.66,80,卖盘
10:01:57,8.66,221,卖盘
10:02:00,8.66,26,卖盘
10:02:03,8.66,937,卖盘
10:02:06,8.67,205,买盘
10:02:09,8.66,677,卖盘
10:02:12,8.66,55,买盘
10:02:15,8.66,83,买盘
10:02:18,8.65,9,卖盘
10:02:21,8.65,193,卖盘
10:02:24,8.66,356,买盘
10:02:27,8.66,60,买盘
10:02:30,8.65,8,卖盘
10:02:33,8.66,825,买盘
10:02:36,8.66,71,买盘
10:02:39,8.66,73,买盘
10:02:42,8.66,216,买盘
10:02:45,8.66,416,买盘
10:02:48,8.66,464,卖盘
10:02:51,8.66,38,卖盘
10:02:54,8.67,101,买盘
10:02:57,8.66,52,卖盘
10:03:00,8.66,70,卖盘
10:03:03,8.66,22,买盘
10:03:06,8.66,15,买盘
10:03:09,8.65,59,卖盘
10:03:12,8.66,129,买盘
10:03:15,8.65,1297,卖盘
10:03:18,8.65,256,卖盘
10:03:21,8.65,223,卖盘
10:03:24,8.66,73,买盘
10:03:27,8.65,1201,卖盘
10:03:30,8.65,575,卖盘
10:03:33,8.66,65,买盘
10:03:36,8.65,159,卖盘
10:03:39,8.66,338,买盘
10:03:42,8.65,33,卖盘
10:03:45,8.65,270,卖盘
10:03:48,8.66,280,买盘
10:03:51,8.65,320,卖盘
10:03:54,8.66,186,买盘
10:03:57,8.66,86,买盘
10:04:00,8.65,141,卖盘
10:04:03,8.65,35,卖盘
10:04:06,8.65,108,卖盘
10:04:09,8.65,111,卖盘
10:04:12,8.65,17,卖盘
10:04:15,8.65,35,卖盘
10:04:18,8.65,41,卖盘
10:04:21,8.65,48,买盘
10:04:24,8.65,24,买盘
10:04:27,8.64,64,卖盘
10:04:30,8.64,23,卖盘
10:04:33,8.65,664,买盘
10:04:36,8.64,243,卖盘
10:04:39,8.65,139,卖盘
10:04:42,8.64,63,卖盘
10:04:45,8.64,80,卖盘
10:04:48,8.64,194,卖盘
10:04:51,8.64,56,卖盘
10:04:54,8.64,97,卖盘
10:05:00,8.64,311,卖盘
10:05:03,8.64,390,卖盘
10:05:06,8.65,113,买盘
10:05:09,8.64,193,卖盘
10:05:12,8.64,37,卖盘
10:05:15,8.64,166,卖盘
10:05:18,8.64,7,卖盘
10:05:21,8.64,117,卖盘
10:05:24,8.64,11,卖盘
10:05:27,8.64,51,卖盘
10:05:30,8.64,87,卖盘
10:05:33,8.65,18,买盘
10:05:36,8.64,96,卖盘
10:05:39,8.64,246,卖盘
10:05:42,8.64,387,卖盘
10:05:45,8.65,159,买盘
10:05:48,8.64,129,卖盘
10:05:51,8.65,73,买盘
10:05:54,8.65,358,买盘
10:05:57,8.65,77,买盘
10:06:00,8.64,159,卖盘
10:06:03,8.65,77,买盘
10:06:06,8.65,30,买盘
10:06:09,8.65,311,买盘
10:06:12,8.65,69,买盘
10:06:15,8.65,971,买盘
10:06:21,8.65,46,卖盘
10:06:24,8.65,5,卖盘
10:06:27,8.66,112,买盘
10:06:30,8.65,526,卖盘
10:06:33,8.65,150,卖盘
10:06:36,8.66,166,买盘
10:06:39,8.66,581,买盘
10:06:42,8.66,19,卖盘
10:06:45,8.67,56,买盘
10:06:48,8.66,35,卖盘
10:06:51,8.67,144,买盘
10:06:54,8.67,30,买盘
10:06:57,8.66,140,卖盘
10:07:00,8.66,22,卖盘
10:07:03,8.66,116,卖盘
10:07:06,8.66,57,卖盘
10:07:09,8.66,117,卖盘
10:07:12,8.67,6,买盘
10:07:15,8.67,177,买盘
10:07:18,8.66,2072,卖盘
10:07:21,8.66,6,买盘
10:07:24,8.66,178,买盘
10:07:27,8.66,235,买盘
10:07:30,8.66,143,卖盘
10:07:33,8.66,41,买盘
10:07:36,8.66,26,买盘
10:07:39,8.66,89,买盘
10:07:42,8.66,84,卖盘
10:07:45,8.65,78,卖盘
10:07:48,8.66,80,买盘
10:07:51,8.65,222,卖盘
10:07:54,8.66,18,买盘
10:07:57,8.66,47,买盘
10:08:00,8.66,27,买盘
10:08:03,8.65,168,卖盘
10:08:06,8.66,520,买盘
10:08:09,8.65,118,卖盘
10:08:12,8.66,126,买盘
10:08:15,8.66,12,卖盘
10:08:18,8.66,61,卖盘
10:08:21,8.66,195,卖盘
10:08:24,8.66,23,买盘
10:08:27,8.67,31,买盘
10:08:30,8.66,99,卖盘
10:08:33,8.67,63,买盘
10:08:36,8.67,46,买盘
10:08:39,8.67,63,买盘
10:08:42,8.67,24,买盘
10:08:45,8.67,148,买盘
10:08:48,8.66,26,卖盘
10:08:51,8.67,133,买盘
10:08:54,8.67,99,买盘
10:08:57,8.67,247,买盘
10:09:00,8.67,554,买盘
10:09:03,8.67,322,买盘
10:09:06,8.68,15,买盘
10:09:09,8.67,143,卖盘
10:09:12,8.68,71,买盘
10:09:15,8.68,13,买盘
10:09:18,8.67,316,卖盘
10:09:21,8.68,87,买盘
10:09:24,8.68,54,买盘
10:09:27,8.68,210,买盘
10:09:30,8.68,6,买盘
10:09:33,8.68,57,买盘
10:09:36,8.68,333,买盘
10:09:39,8.68,134,买盘
10:09:42,8.68,343,买盘
10:09:45,8.68,132,买盘
10:09:48,8.68,133,买盘
10:09:51,8.68,149,买盘
10:09:54,8.68,44,买盘
10:09:57,8.68,50,买盘
10:10:00,8.68,72,买盘
10:10:03,8.68,231,买盘
10:10:06,8.68,6,卖盘
10:10:09,8.68,38,卖盘
10:10:12,8.69,30,买盘
10:10:15,8.68,238,卖盘
10:10:18,8.69,383,买盘
10:10:21,8.69,25,买盘
10:10:24,8.69,62,买盘
10:10:27,8.69,57,买盘
10:10:30,8.69,56,买盘
10:10:33,8.69,72,买盘
10:10:36,8.68,33,卖盘
10:10:39,8.69,844,买盘
10:10:42,8.69,63,买盘
10:10:45,8.68,67,卖盘
10:10:48,8.69,191,买盘
10:10:51,8.69,106,买盘
10:10:54,8.69,63,买盘
10:10:57,8.69,134,买盘
10:11:00,8.69,512,买盘
10:11:03,8.69,132,买盘
10:11:06,8.69,107,买盘
10:11:09,8.69,145,买盘
10:11:12,8.69,32,买盘
10:11:15,8.69,100,买盘
10:11:18,8.68,469,卖盘
10:11:21,8.68,72,卖盘
10:11:24,8.68,26,卖盘
10:11:27,8.68,485,卖盘
10:11:30,8.69,20,买盘
10:11:33,8.69,137,买盘
10:11:36,8.69,76,买盘
10:11:39,8.68,201,卖盘
10:11:42,8.68,119,卖盘
10:11:45,8.68,126,卖盘
10:11:48,8.69,21,买盘
10:11:51,8.69,106,买盘
10:11:54,8.69,73,买盘
10:11:57,8.69,348,买盘
10:12:00,8.69,45,买盘
10:12:03,8.69,438,买盘
10:12:06,8.69,133,买盘
10:12:09,8.69,115,买盘
10:12:12,8.68,162,卖盘
10:12:15,8.68,338,卖盘
10:12:18,8.68,544,卖盘
10:12:21,8.68,100,卖盘
10:12:24,8.68,9,卖盘
10:12:27,8.69,203,买盘
10:12:30,8.69,540,买盘
10:12:33,8.69,137,买盘
10:12:36,8.68,171,卖盘
10:12:39,8.69,97,买盘
10:12:42,8.68,175,卖盘
10:12:45,8.68,39,卖盘
10:12:48,8.69,3,买盘
10:12:51,8.68,80,卖盘
10:12:54,8.68,6,卖盘
10:12:57,8.68,228,卖盘
10:13:00,8.68,85,卖盘
10:13:03,8.68,543,卖盘
10:13:06,8.68,1072,卖盘
10:13:09,8.68,991,卖盘
10:13:12,8.68,48,买盘
10:13:15,8.68,137,买盘
10:13:18,8.68,5,买盘
10:13:21,8.67,27,卖盘
10:13:24,8.68,40,买盘
10:13:27,8.67,258,卖盘
10:13:30,8.67,35,卖盘
10:13:33,8.67,47,卖盘
10:13:36,8.68,26,买盘
10:13:39,8.68,64,买盘
10:13:45,8.67,27,卖盘
10:13:48,8.67,68,卖盘
10:13:51,8.67,419,卖盘
10:13:54,8.68,2,买盘
10:13:57,8.67,85,卖盘
10:14:00,8.67,53,卖盘
10:14:03,8.67,59,卖盘
10:14:06,8.67,108,卖盘
10:14:09,8.67,308,卖盘
10:14:12,8.67,1082,卖盘
10:14:15,8.67,967,卖盘
10:14:18,8.66,500,卖盘
10:14:21,8.67,106,买盘
10:14:24,8.66,241,卖盘
10:14:27,8.67,152,买盘
10:14:30,8.66,279,卖盘
10:14:33,8.66,81,卖盘
10:14:36,8.66,29,卖盘
10:14:39,8.66,69,卖盘
10:14:42,8.67,875,买盘
10:14:45,8.66,102,卖盘
10:14:48,8.66,48,卖盘
10:14:51,8.67,71,买盘
10:14:54,8.67,123,买盘
10:14:57,8.66,6,卖盘
10:15:00,8.66,66,卖盘
10:15:03,8.67,92,买盘
10:15:06,8.67,97,买盘
10:15:09,8.66,389,卖盘
10:15:12,8.66,388,卖盘
10:15:15,8.67,111,买盘
10:15:18,8.66,1118,卖盘
10:15:21,8.66,556,买盘
10:15:24,8.66,9,买盘
10:15:27,8.65,180,卖盘
10:15:30,8.66,343,买盘
10:15:33,8.65,76,卖盘
10:15:36,8.66,51,买盘
10:15:39,8.65,50,卖盘
10:15:42,8.65,70,卖盘
10:15:45,8.66,50,买盘
10:15:48,8.65,120,卖盘
10:15:51,8.66,83,买盘
10:15:54,8.65,23,卖盘
10:15:57,8.65,82,卖盘
10:16:00,8.66,2,买盘
10:16:03,8.65,15,卖盘
10:16:06,8.65,31,卖盘
10:16:09,8.66,2,买盘
10:16:12,8.65,66,卖盘
10:16:15,8.66,174,买盘
10:16:18,8.66,147,买盘
10:16:21,8.66,90,买盘
10:16:24,8.66,151,买盘
10:16:27,8.65,32,卖盘
10:16:30,8.66,50,买盘
10:16:33,8.65,130,卖盘
10:16:39,8.65,158,卖盘
10:16:42,8.66,196,买盘
10:16:45,8.66,14,买盘
10:16:48,8.65,41,卖盘
10:16:51,8.65,742,卖盘
10:16:54,8.65,21,卖盘
10:16:57,8.66,103,买盘
10:17:00,8.65,85,卖盘
10:17:03,8.66,20,买盘
10:17:06,8.65,53,卖盘
10:17:09,8.65,105,卖盘
10:17:12,8.66,206,买盘
10:17:15,8.65,889,卖盘
10:17:18,8.66,161,买盘
10:17:21,8.66,61,买盘
10:17:24,8.66,106,卖盘
10:17:27,8.67,20,买盘
10:17:30,8.66,100,卖盘
10:17:33,8.66,22,买盘
10:17:36,8.66,15,买盘
10:17:39,8.67,27,买盘
10:17:42,8.67,54,买盘
10:17:45,8.67,20,买盘
10:17:48,8.67,199,买盘
10:17:51,8.67,77,买盘
10:17:54,8.66,56,卖盘
10:17:57,8.67,205,买盘
10:18:00,8.67,79,买盘
10:18:03,8.68,6,买盘
10:18:06,8.67,1,买盘
10:18:09,8.67,10,买盘
10:18:12,8.67,50,买盘
10:18:15,8.67,148,买盘
10:18:18,8.66,157,卖盘
10:18:21,8.66,397,卖盘
10:18:24,8.66,53,卖盘
10:18:27,8.66,53,卖盘
10:18:30,8.67,34,买盘
10:18:33,8.67,5,买盘
10:18:36,8.66,76,卖盘
10:18:39,8.67,2,买盘
10:18:42,8.67,14,买盘
10:18:45,8.66,51,卖盘
10:18:48,8.66,127,卖盘
10:18:51,8.67,191,买盘
10:18:54,8.67,187,卖盘
10:18:57,8.68,69,买盘
10:19:00,8.67,8,卖盘
10:19:03,8.68,34,买盘
10:19:06,8.68,24,买盘
10:19:09,8.68,1,买盘
10:19:12,8.68,10,买盘
10:19:15,8.67,235,卖盘
10:19:18,8.67,92,买盘
10:19:21,8.67,498,买盘
10:19:24,8.67,45,卖盘
10:19:30,8.67,1,卖盘
10:19:33,8.67,739,卖盘
10:19:36,8.67,126,卖盘
10:19:39,8.67,125,卖盘
10:19:42,8.67,22,卖盘
10:19:45,8.67,2,卖盘
10:19:48,8.67,48,卖盘
10:19:51,8.68,35,买盘
10:19:54,8.67,1160,卖盘
10:19:57,8.67,20,买盘
10:20:00,8.67,5,买盘
10:20:03,8.67,57,买盘
10:20:06,8.67,30,买盘
10:20:09,8.67,36,买盘
10:20:12,8.67,153,买盘
10:20:15,8.66,86,卖盘
10:20:18,8.67,84,买盘
10:20:21,8.67,408,买盘
10:20:24,8.67,98,买盘
10:20:27,8.67,84,买盘
10:20:30,8.67,101,买盘
10:20:33,8.67,130,买盘
10:20:36,8.67,43,买盘
10:20:39,8.66,130,卖盘
10:20:42,8.66,39,卖盘
10:20:45,8.67,34,买盘
10:20:48,8.67,15,买盘
10:20:51,8.66,85,卖盘
10:20:54,8.67,135,买盘
10:20:57,8.66,34,卖盘
10:21:00,8.66,8,卖盘
10:21:03,8.66,138,卖盘
10:21:06,8.66,19,卖盘
10:21:09,8.66,37,卖盘
10:21:12,8.67,28,买盘
10:21:15,8.66,104,卖盘
10:21:18,8.66,26,卖盘
10:21:21,8.66,2360,卖盘
10:21:24,8.67,62,买盘
10:21:27,8.66,80,卖盘
10:21:30,8.67,620,买盘
10:21:33,8.66,321,卖盘
10:21:36,8.66,35,卖盘
10:21:39,8.67,76,买盘
10:21:42,8.67,567,买盘
10:21:45,8.67,541,买盘
10:21:48,8.66,36,卖盘
10:21:51,8.67,22,买盘
10:21:54,8.67,208,买盘
10:21:57,8.67,34,买盘
10:22:00,8.67,10,买盘
10:22:03,8.67,45,买盘
10:22:06,8.66,15,卖盘
10:22:09,8.67,145,买盘
10:22:12,8.66,18,卖盘
10:22:15,8.66,4,卖盘
10:22:18,8.66,60,卖盘
10:22:21,8.67,127,买盘
10:22:24,8.66,11,卖盘
10:22:27,8.66,149,卖盘
10:22:30,8.67,1420,买盘
10:22:33,8.67,7,买盘
10:22:36,8.67,138,买盘
10:22:39,8.66,368,卖盘
10:22:42,8.67,91,买盘
10:22:45,8.66,48,卖盘
10:22:48,8.66,8,卖盘
10:22:54,8.66,77,卖盘
10:22:57,8.67,203,买盘
10:23:00,8.66,23,卖盘
10:23:03,8.67,87,买盘
10:23:06,8.66,24,卖盘
10:23:09,8.66,27,卖盘
10:23:15,8.66,153,卖盘
10:23:18,8.66,2,卖盘
10:23:21,8.66,131,卖盘
10:23:24,8.66,247,卖盘
10:23:27,8.66,603,卖盘
10:23:30,8.66,1537,卖盘
10:23:33,8.66,30,卖盘
10:23:36,8.66,204,卖盘
10:23:39,8.65,34,卖盘
10:23:42,8.66,33,买盘
10:23:45,8.66,82,买盘
10:23:48,8.65,139,卖盘
10:23:51,8.65,7,卖盘
10:23:54,8.65,57,卖盘
10:23:57,8.66,24,买盘
10:24:00,8.65,118,卖盘
10:24:03,8.66,12,买盘
10:24:06,8.65,71,卖盘
10:24:09,8.65,106,卖盘
10:24:12,8.66,55,买盘
10:24:15,8.65,26,卖盘
10:24:18,8.66,185,买盘
10:24:21,8.65,24,卖盘
10:24:24,8.66,31,买盘
10:24:27,8.66,29,买盘
10:24:30,8.66,106,买盘
10:24:33,8.66,88,买盘
10:24:36,8.65,80,卖盘
10:24:39,8.66,7,买盘
10:24:42,8.66,34,买盘
10:24:45,8.66,6,买盘
10:24:48,8.65,72,卖盘
10:24:51,8.65,113,卖盘
10:24:54,8.65,10,卖盘
10:24:57,8.65,129,卖盘
10:25:00,8.65,38,卖盘
10:25:03,8.65,198,卖盘
10:25:06,8.65,107,卖盘
10:25:09,8.65,13,卖盘
10:25:12,8.65,516,卖盘
10:25:15,8.65,2351,卖盘
10:25:18,8.65,46,买盘
10:25:21,8.64,2,卖盘
10:25:24,8.65,121,买盘
10:25:27,8.64,126,卖盘
10:25:30,8.64,104,卖盘
10:25:36,8.64,32,卖盘
10:25:39,8.64,241,卖盘
10:25:42,8.64,124,卖盘
10:25:45,8.64,35,卖盘
10:25:48,8.64,252,卖盘
10:25:51,8.64,180,卖盘
10:25:54,8.64,87,卖盘
10:25:57,8.64,162,卖盘
10:26:00,8.64,155,卖盘
10:26:03,8.64,63,卖盘
10:26:06,8.65,229,买盘
10:26:09,8.64,30,卖盘
10:26:12,8.65,74,买盘
10:26:15,8.64,125,卖盘
10:26:18,8.65,8,买盘
10:26:21,8.64,70,卖盘
10:26:24,8.65,40,买盘
10:26:27,8.64,73,卖盘
10:26:30,8.64,21,卖盘
10:26:33,8.65,2,买盘
10:26:36,8.64,1109,卖盘
10:26:39,8.64,114,买盘
10:26:42,8.64,51,买盘
10:26:45,8.63,118,卖盘
10:26:48,8.63,30,卖盘
10:26:54,8.64,10,买盘
10:26:57,8.64,25,买盘
10:27:00,8.63,19,卖盘
10:27:03,8.64,556,买盘
10:27:06,8.64,138,买盘
10:27:09,8.63,172,卖盘
10:27:12,8.63,43,卖盘
10:27:15,8.63,10,卖盘
10:27:18,8.63,215,卖盘
10:27:21,8.63,348,卖盘
10:27:24,8.63,37,卖盘
10:27:27,8.63,55,卖盘
10:27:30,8.63,15,卖盘
10:27:33,8.64,188,买盘
10:27:36,8.64,12,买盘
10:27:39,8.63,572,卖盘
10:27:42,8.64,373,买盘
10:27:45,8.64,80,卖盘
10:27:48,8.64,272,卖盘
10:27:51,8.64,117,卖盘
10:27:54,8.64,105,卖盘
10:27:57,8.65,29,买盘
10:28:00,8.64,149,卖盘
10:28:03,8.64,55,买盘
10:28:09,8.64,20,买盘
10:28:12,8.63,21,卖盘
10:28:15,8.63,99,卖盘
10:28:18,8.63,93,卖盘
10:28:24,8.63,16,卖盘
10:28:27,8.64,5,买盘
10:28:30,8.63,131,卖盘
10:28:33,8.63,1109,卖盘
10:28:36,8.63,18,卖盘
10:28:39,8.63,169,卖盘
10:28:42,8.63,376,卖盘
10:28:45,8.63,24,卖盘
10:28:48,8.63,265,卖盘
10:28:51,8.62,25,卖盘
10:28:54,8.62,139,卖盘
10:28:57,8.63,548,买盘
10:29:00,8.62,55,卖盘
10:29:03,8.62,34,卖盘
10:29:06,8.63,161,买盘
10:29:09,8.62,7,卖盘
10:29:12,8.63,4,买盘
10:29:15,8.62,52,卖盘
10:29:18,8.63,79,买盘
10:29:21,8.63,367,买盘
10:29:24,8.62,68,卖盘
10:29:27,8.63,46,买盘
10:29:30,8.63,86,卖盘
10:29:33,8.63,23,卖盘
10:29:36,8.63,21,卖盘
10:29:39,8.63,494,买盘
10:29:42,8.63,19,卖盘
10:29:45,8.63,134,卖盘
10:29:48,8.63,65,卖盘
10:29:51,8.63,109,买盘
10:29:54,8.64,49,买盘
10:29:57,8.63,18,卖盘
10:30:03,8.63,138,卖盘
10:30:06,8.63,14,卖盘
10:30:09,8.63,64,卖盘
10:30:12,8.63,20,卖盘
10:30:15,8.64,12,买盘
10:30:18,8.64,13,买盘
10:30:21,8.63,47,卖盘
10:30:24,8.63,23,卖盘
10:30:27,8.63,50,卖盘
10:30:30,8.64,91,买盘
10:30:33,8.64,178,买盘
10:30:36,8.63,70,卖盘
10:30:39,8.64,359,买盘
10:30:42,8.64,122,买盘
10:30:45,8.64,486,买盘
10:30:48,8.63,282,卖盘
10:30:51,8.64,43,买盘
10:30:54,8.63,221,卖盘
10:30:57,8.64,3,买盘
10:31:00,8.63,2077,卖盘
10:31:03,8.62,61,卖盘
10:31:06,8.63,49,买盘
10:31:09,8.63,159,买盘
10:31:12,8.62,45,卖盘
10:31:15,8.62,101,卖盘
10:31:18,8.62,67,卖盘
10:31:21,8.62,2016,卖盘
10:31:24,8.62,25,卖盘
10:31:27,8.61,1885,卖盘
10:31:30,8.62,58,买盘
10:31:33,8.62,88,卖盘
10:31:36,8.61,455,卖盘
10:31:39,8.62,47,卖盘
10:31:42,8.62,34,买盘
10:31:45,8.61,66,卖盘
10:31:48,8.61,148,卖盘
10:31:51,8.62,84,买盘
10:31:54,8.62,13,买盘
10:31:57,8.61,128,卖盘
10:32:00,8.61,1286,卖盘
10:32:03,8.62,152,买盘
10:32:06,8.62,46,买盘
10:32:09,8.61,421,卖盘
10:32:12,8.62,251,买盘
10:32:15,8.61,560,卖盘
10:32:18,8.62,349,买盘
10:32:21,8.61,1930,卖盘
10:32:24,8.61,19,卖盘
10:32:27,8.62,32,买盘
10:32:30,8.61,1025,卖盘
10:32:33,8.62,12,买盘
10:32:36,8.61,41,卖盘
10:32:39,8.61,20,卖盘
10:32:42,8.61,54,卖盘
10:32:45,8.61,523,卖盘
10:32:48,8.61,1648,买盘
10:32:51,8.61,75,卖盘
10:32:54,8.61,38,卖盘
10:32:57,8.62,211,买盘
10:33:00,8.61,387,卖盘
10:33:03,8.61,78,卖盘
10:33:06,8.62,16,买盘
10:33:09,8.61,378,卖盘
10:33:12,8.62,209,买盘
10:33:15,8.61,262,卖盘
10:33:18,8.62,435,买盘
10:33:21,8.62,131,买盘
10:33:24,8.62,73,买盘
10:33:27,8.62,50,买盘
10:33:30,8.62,33,买盘
10:33:33,8.62,38,买盘
10:33:36,8.62,95,买盘
10:33:39,8.62,681,买盘
10:33:42,8.62,63,买盘
10:33:45,8.62,196,买盘
10:33:48,8.62,28,买盘
10:33:51,8.62,171,买盘
10:33:54,8.61,119,卖盘
10:33:57,8.62,47,买盘
10:34:00,8.61,251,卖盘
10:34:03,8.62,328,买盘
10:34:06,8.62,2011,买盘
10:34:09,8.62,1459,买盘
10:34:12,8.62,559,卖盘
10:34:15,8.62,36,卖盘
10:34:18,8.63,136,买盘
10:34:21,8.63,19,买盘
10:34:24,8.62,198,卖盘
10:34:27,8.62,41,卖盘
10:34:30,8.63,122,买盘
10:34:33,8.63,462,买盘
10:34:36,8.63,8,买盘
10:34:39,8.63,42,买盘
10:34:42,8.63,41,买盘
10:34:45,8.63,285,买盘
10:34:48,8.63,70,买盘
10:34:51,8.63,15,买盘
10:34:54,8.62,66,卖盘
10:34:57,8.62,29,卖盘
10:35:00,8.63,5,买盘
10:35:03,8.63,145,买盘
10:35:06,8.63,106,买盘
10:35:09,8.63,40,买盘
10:35:12,8.63,39,买盘
10:35:15,8.63,97,买盘
10:35:18,8.62,67,卖盘
10:35:21,8.62,64,卖盘
10:35:24,8.63,190,买盘
10:35:27,8.64,7,买盘
10:35:30,8.63,182,卖盘
10:35:33,8.63,24,买盘
10:35:36,8.63,294,买盘
10:35:39,8.62,75,卖盘
10:35:42,8.63,58,买盘
10:35:45,8.63,42,买盘
10:35:48,8.63,72,买盘
10:35:51,8.62,410,卖盘
10:35:54,8.63,75,买盘
10:35:57,8.63,82,卖盘
10:36:00,8.64,3,买盘
10:36:03,8.64,262,买盘
10:36:06,8.63,6,卖盘
10:36:09,8.63,65,卖盘
10:36:12,8.63,95,卖盘
10:36:15,8.63,135,卖盘
10:36:21,8.64,62,买盘
10:36:24,8.63,31,卖盘
10:36:27,8.64,86,买盘
10:36:30,8.64,94,买盘
10:36:33,8.64,62,买盘
10:36:36,8.63,11,卖盘
10:36:39,8.64,29,买盘
10:36:42,8.64,130,买盘
10:36:45,8.64,85,买盘
10:36:48,8.64,69,买盘
10:36:51,8.64,190,买盘
10:36:54,8.64,110,买盘
10:36:57,8.64,130,买盘
10:37:00,8.64,17,买盘
10:37:03,8.64,19,买盘
10:37:06,8.64,12,买盘
10:37:12,8.64,52,买盘
10:37:15,8.63,52,卖盘
10:37:18,8.63,15,卖盘
10:37:21,8.64,34,买盘
10:37:24,8.63,30,卖盘
10:37:27,8.64,66,买盘
10:37:30,8.63,19,卖盘
10:37:33,8.63,80,卖盘
10:37:36,8.63,21,卖盘
10:37:39,8.63,45,卖盘
10:37:45,8.63,45,卖盘
10:37:48,8.64,48,买盘
10:37:51,8.63,66,卖盘
10:37:54,8.63,41,卖盘
10:37:57,8.64,22,买盘
10:38:00,8.63,11,卖盘
10:38:03,8.64,33,买盘
10:38:06,8.64,28,买盘
10:38:09,8.64,78,买盘
10:38:12,8.63,43,卖盘
10:38:15,8.64,63,买盘
10:38:18,8.64,59,买盘
10:38:21,8.63,81,卖盘
10:38:24,8.64,94,买盘
10:38:27,8.63,102,卖盘
10:38:30,8.63,13,卖盘
10:38:33,8.64,133,买盘
10:38:36,8.63,37,卖盘
10:38:39,8.64,17,买盘
10:38:42,8.64,3,买盘
10:38:45,8.63,51,卖盘
10:38:48,8.64,961,买盘
10:38:51,8.63,12,卖盘
10:38:54,8.64,125,买盘
10:38:57,8.64,1302,买盘
10:39:00,8.64,91,买盘
10:39:03,8.63,13,卖盘
10:39:06,8.63,50,卖盘
10:39:09,8.63,92,卖盘
10:39:12,8.62,293,卖盘
10:39:15,8.62,111,卖盘
10:39:18,8.64,426,买盘
10:39:21,8.63,149,卖盘
10:39:24,8.64,93,买盘
10:39:27,8.63,38,卖盘
10:39:30,8.63,17,卖盘
10:39:33,8.63,104,卖盘
10:39:36,8.63,9,卖盘
10:39:39,8.63,44,卖盘
10:39:42,8.64,2,买盘
10:39:45,8.63,10,卖盘
10:39:48,8.63,5,卖盘
10:39:51,8.63,174,卖盘
10:39:54,8.64,20,买盘
10:39:57,8.64,130,买盘
10:40:00,8.64,141,买盘
10:40:03,8.63,344,卖盘
10:40:06,8.63,235,卖盘
10:40:09,8.63,64,买盘
10:40:12,8.63,108,买盘
10:40:15,8.62,178,卖盘
10:40:18,8.63,320,买盘
10:40:21,8.62,491,卖盘
10:40:24,8.63,50,买盘
10:40:27,8.63,5,买盘
10:40:30,8.62,139,卖盘
10:40:33,8.63,15,买盘
10:40:36,8.63,47,买盘
10:40:39,8.62,7,卖盘
10:40:42,8.63,123,买盘
10:40:45,8.62,15,卖盘
10:40:48,8.63,54,买盘
10:40:51,8.62,31,卖盘
10:40:54,8.63,49,买盘
10:40:57,8.62,1,卖盘
10:41:00,8.63,5,买盘
10:41:03,8.62,171,卖盘
10:41:06,8.63,57,买盘
10:41:12,8.62,13,卖盘
10:41:18,8.63,71,买盘
10:41:21,8.62,14,卖盘
10:41:24,8.63,17,买盘
10:41:30,8.63,69,买盘
10:41:33,8.63,11,买盘
10:41:36,8.63,172,买盘
10:41:39,8.63,11,买盘
10:41:42,8.62,14,卖盘
10:41:45,8.63,89,买盘
10:41:48,8.63,301,买盘
10:41:51,8.63,1,买盘
10:41:54,8.63,67,买盘
10:41:57,8.63,25,买盘
10:42:00,8.62,46,卖盘
10:42:03,8.63,33,买盘
10:42:09,8.63,12,买盘
10:42:12,8.63,204,买盘
10:42:15,8.63,21,买盘
10:42:18,8.63,49,买盘
10:42:21,8.62,231,卖盘
10:42:24,8.62,248,卖盘
10:42:27,8.63,7,买盘
10:42:30,8.63,66,买盘
10:42:33,8.62,13,卖盘
10:42:36,8.63,15,买盘
10:42:39,8.62,15,卖盘
10:42:42,8.63,113,买盘
10:42:45,8.63,70,买盘
10:42:48,8.62,390,卖盘
10:42:51,8.62,106,卖盘
10:42:54,8.63,29,买盘
10:42:57,8.62,593,卖盘
10:43:00,8.62,50,卖盘
10:43:03,8.63,85,买盘
10:43:06,8.63,18,买盘
10:43:09,8.63,29,买盘
10:43:12,8.62,43,卖盘
10:43:15,8.62,84,卖盘
10:43:18,8.63,10,买盘
10:43:21,8.62,256,卖盘
10:43:24,8.63,39,买盘
10:43:27,8.63,242,买盘
10:43:30,8.62,180,卖盘
10:43:33,8.62,88,卖盘
10:43:36,8.63,88,买盘
10:43:39,8.62,23,卖盘
10:43:42,8.62,39,卖盘
10:43:45,8.62,33,卖盘
10:43:48,8.62,250,卖盘
10:43:51,8.63,13,买盘
10:43:54,8.62,7,卖盘
10:43:57,8.62,38,卖盘
10:44:00,8.62,89,卖盘
10:44:03,8.62,104,卖盘
10:44:06,8.63,3,买盘
10:44:09,8.62,9,卖盘
10:44:12,8.63,59,买盘
10:44:15,8.62,82,卖盘
10:44:18,8.63,35,买盘
10:44:21,8.62,37,卖盘
10:44:24,8.63,334,买盘
10:44:27,8.63,95,买盘
10:44:30,8.63,20,买盘
10:44:33,8.62,30,卖盘
10:44:36,8.63,11,买盘
10:44:39,8.63,159,买盘
10:44:42,8.62,1,卖盘
10:44:45,8.63,51,买盘
10:44:48,8.63,34,买盘
10:44:51,8.62,29,卖盘
10:44:54,8.63,12,买盘
10:44:57,8.63,14,买盘
10:45:00,8.62,109,卖盘
10:45:03,8.62,28,卖盘
10:45:06,8.63,163,买盘
10:45:09,8.62,91,卖盘
10:45:12,8.63,73,买盘
10:45:15,8.62,47,卖盘
10:45:18,8.63,43,买盘
10:45:21,8.63,38,买盘
10:45:24,8.62,124,卖盘
10:45:27,8.62,37,卖盘
10:45:30,8.63,867,买盘
10:45:33,8.63,30,卖盘
10:45:36,8.63,62,卖盘
10:45:42,8.63,30,卖盘
10:45:45,8.64,13,买盘
10:45:51,8.64,202,买盘
10:45:54,8.63,39,卖盘
10:45:57,8.63,143,卖盘
10:46:00,8.64,26,买盘
10:46:03,8.63,15,卖盘
10:46:06,8.64,40,买盘
10:46:09,8.63,24,卖盘
10:46:12,8.63,50,卖盘
10:46:15,8.64,7,买盘
10:46:18,8.63,14,卖盘
10:46:21,8.64,79,买盘
10:46:24,8.64,131,买盘
10:46:27,8.63,3,卖盘
10:46:30,8.64,120,买盘
10:46:33,8.64,30,买盘
10:46:36,8.64,120,买盘
10:46:39,8.64,119,买盘
10:46:42,8.64,23,买盘
10:46:45,8.64,191,买盘
10:46:48,8.63,40,卖盘
10:46:54,8.64,2156,买盘
10:46:57,8.65,5,买盘
10:47:00,8.64,1,卖盘
10:47:03,8.65,8,买盘
10:47:06,8.65,18,买盘
10:47:09,8.65,65,买盘
10:47:12,8.65,641,买盘
10:47:15,8.65,289,买盘
10:47:18,8.65,22,买盘
10:47:24,8.65,73,卖盘
10:47:27,8.66,31,买盘
10:47:30,8.66,154,买盘
10:47:33,8.66,86,买盘
10:47:36,8.66,204,买盘
10:47:39,8.66,45,卖盘
10:47:42,8.66,88,卖盘
10:47:45,8.67,34,买盘
10:47:48,8.66,177,卖盘
10:47:51,8.67,56,买盘
10:47:54,8.66,25,卖盘
10:47:57,8.67,101,买盘
10:48:00,8.67,54,买盘
10:48:03,8.67,86,买盘
10:48:06,8.67,139,买盘
10:48:09,8.67,105,买盘
10:48:12,8.67,261,买盘
10:48:15,8.67,22,买盘
10:48:18,8.65,289,卖盘
10:48:21,8.66,15,买盘
10:48:24,8.65,48,卖盘
10:48:27,8.66,159,买盘
10:48:33,8.66,10,买盘
10:48:36,8.66,80,买盘
10:48:39,8.66,21,买盘
10:48:42,8.65,49,卖盘
10:48:45,8.66,47,买盘
10:48:48,8.66,77,买盘
10:48:51,8.66,310,买盘
10:48:54,8.66,26,买盘
10:48:57,8.66,7,买盘
10:49:00,8.66,168,买盘
10:49:03,8.67,151,买盘
10:49:06,8.67,20,买盘
10:49:09,8.66,52,卖盘
10:49:12,8.66,75,卖盘
10:49:15,8.66,21,卖盘
10:49:18,8.67,34,买盘
10:49:21,8.67,72,买盘
10:49:24,8.67,8,买盘
10:49:27,8.67,11,买盘
10:49:30,8.66,558,卖盘
10:49:33,8.67,21,买盘
10:49:36,8.67,76,买盘
10:49:39,8.66,269,卖盘
10:49:42,8.66,6,卖盘
10:49:45,8.66,37,卖盘
10:49:48,8.66,21,卖盘
10:49:54,8.67,20,买盘
10:49:57,8.66,14,卖盘
10:50:00,8.67,5,买盘
10:50:03,8.67,32,买盘
10:50:06,8.66,46,卖盘
10:50:09,8.67,8,买盘
10:50:15,8.67,32,买盘
10:50:18,8.66,76,卖盘
10:50:21,8.66,1,卖盘
10:50:24,8.67,42,买盘
10:50:27,8.67,23,买盘
10:50:30,8.67,64,买盘
10:50:33,8.67,182,买盘
10:50:36,8.67,563,买盘
10:50:39,8.67,34,买盘
10:50:42,8.67,46,买盘
10:50:45,8.66,22,卖盘
10:50:48,8.67,47,买盘
10:50:51,8.67,15,买盘
10:50:54,8.67,72,买盘
10:50:57,8.67,75,买盘
10:51:03,8.67,3,买盘
10:51:06,8.67,23,买盘
10:51:09,8.67,55,买盘
10:51:12,8.66,7,卖盘
10:51:15,8.67,47,买盘
10:51:18,8.67,1,买盘
10:51:21,8.66,1083,卖盘
10:51:24,8.66,317,卖盘
10:51:27,8.66,85,买盘
10:51:30,8.66,82,买盘
10:51:33,8.66,369,买盘
10:51:36,8.65,60,卖盘
10:51:39,8.66,12,买盘
10:51:42,8.66,1,买盘
10:51:45,8.65,146,卖盘
10:51:51,8.65,38,卖盘
10:51:54,8.66,55,买盘
10:51:57,8.66,6,买盘
10:52:00,8.66,52,买盘
10:52:03,8.66,16,买盘
10:52:06,8.65,1179,卖盘
10:52:09,8.65,86,买盘
10:52:12,8.65,115,买盘
10:52:15,8.65,50,买盘
10:52:18,8.64,9,卖盘
10:52:21,8.65,118,买盘
10:52:24,8.65,9,买盘
10:52:27,8.65,211,买盘
10:52:30,8.65,134,买盘
10:52:33,8.65,36,买盘
10:52:36,8.65,30,买盘
10:52:39,8.65,326,买盘
10:52:42,8.65,28,买盘
10:52:45,8.64,472,卖盘
10:52:48,8.64,1,卖盘
10:52:51,8.64,659,卖盘
10:52:54,8.64,143,买盘
10:53:00,8.64,51,买盘
10:53:03,8.63,100,卖盘
10:53:06,8.63,10,卖盘
10:53:09,8.64,16,买盘
10:53:12,8.64,31,买盘
10:53:15,8.63,7,卖盘
10:53:18,8.64,3,买盘
10:53:21,8.64,21,买盘
10:53:24,8.63,34,卖盘
10:53:27,8.64,212,买盘
10:53:30,8.64,54,买盘
10:53:33,8.64,50,买盘
10:53:36,8.64,128,买盘
10:53:39,8.64,98,买盘
10:53:42,8.64,15,买盘
10:53:45,8.64,78,买盘
10:53:48,8.64,130,买盘
10:53:51,8.64,91,买盘
10:53:54,8.63,7,卖盘
10:53:57,8.64,9,买盘
10:54:06,8.64,23,卖盘
10:54:09,8.64,22,卖盘
10:54:15,8.64,187,卖盘
10:54:18,8.64,33,卖盘
10:54:21,8.64,48,卖盘
10:54:24,8.64,209,卖盘
10:54:27,8.64,78,买盘
10:54:30,8.64,28,买盘
10:54:33,8.64,35,买盘
10:54:36,8.64,192,买盘
10:54:39,8.64,34,卖盘
10:54:42,8.65,9,买盘
10:54:45,8.65,59,买盘
10:54:48,8.65,109,买盘
10:54:51,8.64,62,卖盘
10:54:54,8.65,725,买盘
10:54:57,8.64,24,卖盘
10:55:00,8.65,103,买盘
10:55:03,8.64,156,卖盘
10:55:06,8.65,63,买盘
10:55:09,8.64,221,卖盘
10:55:12,8.65,37,买盘
10:55:15,8.63,720,卖盘
10:55:21,8.64,794,买盘
10:55:24,8.64,10,买盘
10:55:27,8.64,68,买盘
10:55:30,8.64,121,买盘
10:55:33,8.64,106,买盘
10:55:36,8.65,1,买盘
10:55:39,8.65,1000,买盘
10:55:42,8.65,3,买盘
10:55:45,8.65,69,买盘
10:55:48,8.65,31,买盘
10:55:51,8.65,14,买盘
10:55:54,8.64,58,卖盘
10:55:57,8.64,28,卖盘
10:56:00,8.65,17,买盘
10:56:03,8.65,28,买盘
10:56:06,8.65,42,买盘
10:56:09,8.65,74,买盘
10:56:12,8.64,7,卖盘
10:56:15,8.65,10,买盘
10:56:18,8.65,59,买盘
10:56:21,8.64,143,卖盘
10:56:24,8.64,187,卖盘
10:56:27,8.64,86,卖盘
10:56:30,8.64,21,卖盘
10:56:36,8.64,207,卖盘
10:56:39,8.64,240,卖盘
10:56:42,8.66,1014,买盘
10:56:45,8.65,151,买盘
10:56:48,8.64,30,卖盘
10:56:51,8.65,2,买盘
10:56:54,8.65,30,买盘
10:57:00,8.65,8,买盘
10:57:06,8.65,23,买盘
10:57:09,8.65,55,买盘
10:57:12,8.65,10,买盘
10:57:15,8.65,1,买盘
10:57:18,8.65,13,买盘
10:57:21,8.65,202,买盘
10:57:24,8.65,10,买盘
10:57:27,8.65,100,买盘
10:57:30,8.65,47,买盘
10:57:33,8.64,690,卖盘
10:57:36,8.64,56,买盘
10:57:39,8.64,13,买盘
10:57:42,8.64,118,买盘
10:57:45,8.64,33,买盘
10:57:48,8.64,80,买盘
10:57:51,8.64,3525,买盘
10:57:54,8.64,240,买盘
10:57:57,8.64,3,买盘
10:58:00,8.64,22,买盘
10:58:03,8.64,45,卖盘
10:58:06,8.64,35,卖盘
10:58:09,8.64,125,卖盘
10:58:12,8.64,45,卖盘
10:58:15,8.65,15,买盘
10:58:18,8.65,2,买盘
10:58:21,8.64,20,卖盘
10:58:24,8.64,11,卖盘
10:58:27,8.64,1,卖盘
10:58:30,8.64,4,卖盘
10:58:33,8.65,41,买盘
10:58:36,8.64,41,卖盘
10:58:39,8.64,2,卖盘
10:58:42,8.65,3,买盘
10:58:45,8.64,42,卖盘
10:58:51,8.64,74,卖盘
10:58:54,8.64,23,卖盘
10:58:57,8.64,99,卖盘
10:59:00,8.65,139,买盘
10:59:03,8.64,10,买盘
10:59:06,8.64,6,买盘
10:59:09,8.64,137,买盘
10:59:12,8.65,28,买盘
10:59:15,8.64,149,卖盘
10:59:18,8.63,13,卖盘
10:59:21,8.64,46,买盘
10:59:24,8.64,24,卖盘
10:59:30,8.64,26,卖盘
10:59:33,8.64,27,卖盘
10:59:36,8.64,14,买盘
10:59:39,8.63,6,卖盘
10:59:42,8.64,2,买盘
10:59:45,8.63,183,卖盘
10:59:51,8.63,280,卖盘
10:59:54,8.64,2,买盘
10:59:57,8.64,37,买盘
11:00:00,8.63,6,卖盘
11:00:03,8.63,77,卖盘
11:00:06,8.64,11,买盘
11:00:09,8.63,202,卖盘
11:00:12,8.64,109,买盘
11:00:15,8.63,590,卖盘
11:00:18,8.64,17,买盘
11:00:21,8.64,9,买盘
11:00:24,8.63,20,卖盘
11:00:27,8.64,46,买盘
11:00:30,8.63,60,卖盘
11:00:33,8.64,48,买盘
11:00:36,8.64,32,买盘
11:00:39,8.63,1026,卖盘
11:00:42,8.63,37,卖盘
11:00:45,8.64,6,买盘
11:00:48,8.63,1,卖盘
11:00:51,8.63,155,卖盘
11:00:54,8.63,22,卖盘
11:00:57,8.64,20,买盘
11:01:00,8.64,81,买盘
11:01:03,8.64,2,买盘
11:01:06,8.64,180,买盘
11:01:09,8.63,1,卖盘
11:01:12,8.63,116,卖盘
11:01:15,8.64,2,买盘
11:01:18,8.63,20,卖盘
11:01:21,8.64,3,买盘
11:01:24,8.63,310,卖盘
11:01:27,8.63,80,卖盘
11:01:30,8.63,235,买盘
11:01:33,8.63,18,卖盘
11:01:36,8.63,23,卖盘
11:01:39,8.64,11,买盘
11:01:42,8.63,23,卖盘
11:01:48,8.64,1,买盘
11:01:51,8.63,48,卖盘
11:01:54,8.64,105,买盘
11:01:57,8.63,77,卖盘
11:02:03,8.63,23,卖盘
11:02:09,8.63,148,卖盘
11:02:12,8.63,35,卖盘
11:02:15,8.63,22,卖盘
11:02:18,8.63,1,卖盘
11:02:21,8.64,342,买盘
11:02:24,8.63,20,卖盘
11:02:27,8.64,5,买盘
11:02:33,8.64,105,买盘
11:02:36,8.63,18,卖盘
11:02:39,8.63,18,卖盘
11:02:42,8.63,2,卖盘
11:02:45,8.64,106,买盘
11:02:48,8.64,12,买盘
11:02:51,8.63,249,卖盘
11:02:54,8.63,24,卖盘
11:02:57,8.63,1,卖盘
11:03:00,8.63,13,卖盘
11:03:03,8.64,3,买盘
11:03:09,8.64,1582,买盘
11:03:12,8.63,30,买盘
11:03:15,8.63,377,买盘
11:03:18,8.63,15,买盘
11:03:21,8.63,100,买盘
11:03:24,8.62,107,卖盘
11:03:27,8.63,67,买盘
11:03:30,8.62,46,卖盘
11:03:33,8.63,36,买盘
11:03:36,8.63,48,买盘
11:03:39,8.63,111,买盘
11:03:42,8.63,164,卖盘
11:03:48,8.63,61,卖盘
11:03:51,8.63,9,卖盘
11:03:54,8.63,26,买盘
11:03:57,8.63,6,买盘
11:04:00,8.62,92,卖盘
11:04:03,8.63,18,买盘
11:04:06,8.63,14,买盘
11:04:09,8.63,34,买盘
11:04:12,8.63,444,买盘
11:04:15,8.63,205,买盘
11:04:18,8.63,12,买盘
11:04:21,8.62,180,卖盘
11:04:24,8.63,14,买盘
11:04:27,8.62,13,卖盘
11:04:30,8.63,96,买盘
11:04:33,8.62,15,卖盘
11:04:36,8.63,58,买盘
11:04:39,8.62,32,卖盘
11:04:42,8.63,180,买盘
11:04:45,8.62,2,卖盘
11:04:48,8.62,1918,卖盘
11:04:51,8.63,57,买盘
11:04:54,8.62,28,卖盘
11:04:57,8.63,180,买盘
11:05:00,8.63,35,买盘
11:05:03,8.62,70,卖盘
11:05:06,8.63,190,买盘
11:05:09,8.63,88,买盘
11:05:12,8.63,96,买盘
11:05:15,8.62,1776,卖盘
11:05:18,8.62,1959,卖盘
11:05:21,8.62,146,买盘
11:05:24,8.62,236,买盘
11:05:27,8.62,4,买盘
11:05:30,8.62,27,买盘
11:05:33,8.62,6,买盘
11:05:36,8.62,22,买盘
11:05:39,8.62,5,买盘
11:05:42,8.62,14,买盘
11:05:45,8.62,104,买盘
11:05:48,8.61,166,卖盘
11:05:51,8.62,100,买盘
11:05:54,8.61,138,卖盘
11:05:57,8.61,116,卖盘
11:06:00,8.62,87,买盘
11:06:03,8.61,140,卖盘
11:06:06,8.61,64,卖盘
11:06:09,8.61,811,卖盘
11:06:12,8.62,37,买盘
11:06:15,8.62,32,买盘
11:06:18,8.62,253,买盘
11:06:21,8.62,3,买盘
11:06:24,8.62,44,买盘
11:06:27,8.62,21,买盘
11:06:30,8.62,5,买盘
11:06:33,8.61,7,卖盘
11:06:36,8.61,375,卖盘
11:06:39,8.61,30,卖盘
11:06:42,8.61,136,卖盘
11:06:45,8.62,115,买盘
11:06:48,8.61,67,卖盘
11:06:54,8.62,46,买盘
11:06:57,8.62,24,买盘
11:07:00,8.61,2,卖盘
11:07:03,8.62,143,买盘
11:07:06,8.61,148,卖盘
11:07:09,8.62,15,买盘
11:07:12,8.61,36,卖盘
11:07:15,8.61,181,卖盘
11:07:18,8.61,3,卖盘
11:07:21,8.62,117,买盘
11:07:24,8.62,16,买盘
11:07:27,8.62,59,买盘
11:07:30,8.61,11,卖盘
11:07:33,8.61,1,卖盘
11:07:36,8.61,110,卖盘
11:07:39,8.62,162,买盘
11:07:42,8.62,1081,买盘
11:07:45,8.63,111,买盘
11:07:51,8.63,2,买盘
11:07:54,8.62,55,卖盘
11:07:57,8.62,5,卖盘
11:08:06,8.62,207,卖盘
11:08:09,8.62,28,卖盘
11:08:12,8.62,52,卖盘
11:08:15,8.63,32,买盘
11:08:18,8.63,24,买盘
11:08:21,8.62,6,卖盘
11:08:24,8.62,1035,卖盘
11:08:27,8.63,117,买盘
11:08:30,8.63,13,买盘
11:08:33,8.63,6,买盘
11:08:36,8.63,38,买盘
11:08:39,8.62,55,卖盘
11:08:42,8.62,1,卖盘
11:08:45,8.63,70,买盘
11:08:48,8.63,18,买盘
11:08:51,8.62,237,卖盘
11:08:54,8.63,7,买盘
11:09:00,8.62,3,卖盘
11:09:03,8.63,75,买盘
11:09:06,8.63,1168,买盘
11:09:09,8.63,24,买盘
11:09:12,8.63,13,买盘
11:09:15,8.63,15,买盘
11:09:18,8.63,33,买盘
11:09:21,8.62,36,卖盘
11:09:24,8.63,116,买盘
11:09:27,8.63,40,卖盘
11:09:33,8.62,4,卖盘
11:09:36,8.62,90,卖盘
11:09:39,8.62,153,卖盘
11:09:42,8.62,7,卖盘
11:09:45,8.63,87,买盘
11:09:48,8.63,375,买盘
11:09:51,8.62,23,卖盘
11:09:54,8.63,75,买盘
11:09:57,8.63,23,买盘
11:10:00,8.62,36,卖盘
11:10:06,8.62,46,卖盘
11:10:09,8.63,5,买盘
11:10:12,8.62,22,卖盘
11:10:15,8.62,120,卖盘
11:10:18,8.62,1772,卖盘
11:10:24,8.62,40,买盘
11:10:27,8.62,53,卖盘
11:10:30,8.62,214,卖盘
11:10:33,8.63,200,买盘
11:10:36,8.62,121,卖盘
11:10:39,8.62,328,卖盘
11:10:42,8.63,200,买盘
11:10:45,8.62,242,卖盘
11:10:48,8.63,9,买盘
11:10:51,8.63,16,买盘
11:10:54,8.62,1,卖盘
11:10:57,8.63,130,买盘
11:11:00,8.62,5,卖盘
11:11:03,8.62,47,卖盘
11:11:06,8.62,53,卖盘
11:11:09,8.62,6,卖盘
11:11:12,8.62,7,卖盘
11:11:15,8.62,96,卖盘
11:11:18,8.63,253,买盘
11:11:24,8.63,205,买盘
11:11:27,8.62,1236,卖盘
11:11:30,8.62,1054,买盘
11:11:33,8.62,118,买盘
11:11:36,8.62,220,买盘
11:11:39,8.62,56,买盘
11:11:45,8.63,87,买盘
11:11:48,8.62,7,卖盘
11:11:51,8.62,81,卖盘
11:11:54,8.63,100,买盘
11:11:57,8.62,11,卖盘
11:12:00,8.63,36,买盘
11:12:03,8.62,113,卖盘
11:12:09,8.62,60,卖盘
11:12:12,8.63,325,买盘
11:12:15,8.62,2,卖盘
11:12:18,8.62,56,卖盘
11:12:21,8.63,40,买盘
11:12:24,8.62,6,卖盘
11:12:27,8.63,1,买盘
11:12:33,8.63,10,买盘
11:12:36,8.63,23,买盘
11:12:39,8.63,60,买盘
11:12:42,8.62,13,卖盘
11:12:45,8.63,182,买盘
11:12:48,8.62,51,卖盘
11:12:54,8.63,324,买盘
11:12:57,8.62,10,卖盘
11:13:03,8.63,42,买盘
11:13:06,8.62,18,卖盘
11:13:09,8.62,47,卖盘
11:13:12,8.62,7,卖盘
11:13:15,8.63,10,买盘
11:13:18,8.63,27,买盘
11:13:21,8.63,5,买盘
11:13:24,8.63,243,买盘
11:13:27,8.63,31,卖盘
11:13:30,8.63,108,卖盘
11:13:33,8.62,47,卖盘
11:13:36,8.63,8,买盘
11:13:39,8.63,9,买盘
11:13:42,8.62,191,卖盘
11:13:45,8.62,6,卖盘
11:13:48,8.63,145,买盘
11:13:51,8.62,6,卖盘
11:13:54,8.63,23,买盘
11:13:57,8.62,20,卖盘
11:14:00,8.62,236,卖盘
11:14:03,8.63,1,买盘
11:14:12,8.62,29,卖盘
11:14:15,8.63,25,买盘
11:14:18,8.63,7,买盘
11:14:21,8.62,21,卖盘
11:14:27,8.62,52,卖盘
11:14:30,8.63,26,买盘
11:14:33,8.63,84,买盘
11:14:36,8.62,10,卖盘
11:14:39,8.63,12,买盘
11:14:42,8.63,88,买盘
11:14:45,8.63,9,买盘
11:14:48,8.62,23,卖盘
11:14:54,8.62,124,卖盘
11:15:00,8.62,98,卖盘
11:15:03,8.63,2,买盘
11:15:09,8.62,18,卖盘
11:15:12,8.63,16,买盘
11:15:15,8.62,1,卖盘
11:15:18,8.62,61,卖盘
11:15:21,8.62,10,卖盘
11:15:24,8.62,136,卖盘
11:15:27,8.62,7,卖盘
11:15:30,8.63,456,买盘
11:15:33,8.63,35,买盘
11:15:36,8.63,26,买盘
11:15:39,8.63,128,买盘
11:15:42,8.63,178,买盘
11:15:45,8.62,17,卖盘
11:15:48,8.63,62,买盘
11:15:51,8.63,166,买盘
11:15:54,8.62,76,卖盘
11:15:57,8.62,34,卖盘
11:16:00,8.62,13,卖盘
11:16:03,8.62,14,卖盘
11:16:06,8.63,42,买盘
11:16:09,8.63,11,买盘
11:16:12,8.63,38,买盘
11:16:21,8.63,21,买盘
11:16:24,8.63,1,买盘
11:16:27,8.63,18,买盘
11:16:30,8.63,39,买盘
11:16:33,8.63,830,买盘
11:16:39,8.63,11,卖盘
11:16:42,8.63,42,卖盘
11:16:45,8.64,10,买盘
11:16:54,8.64,193,买盘
11:16:57,8.64,58,买盘
11:17:00,8.64,78,买盘
11:17:03,8.64,7,买盘
11:17:06,8.64,23,买盘
11:17:09,8.63,687,卖盘
11:17:12,8.63,102,买盘
11:17:15,8.63,16,买盘
11:17:18,8.63,30,买盘
11:17:21,8.63,71,买盘
11:17:24,8.63,44,买盘
11:17:27,8.62,69,卖盘
11:17:30,8.62,49,卖盘
11:17:33,8.63,2,买盘
11:17:36,8.63,144,买盘
11:17:39,8.63,32,买盘
11:17:42,8.63,148,买盘
11:17:45,8.63,153,买盘
11:17:48,8.62,10,卖盘
11:17:51,8.62,71,卖盘
11:17:54,8.62,82,卖盘
11:17:57,8.62,4,卖盘
11:18:00,8.63,41,买盘
11:18:03,8.63,76,买盘
11:18:06,8.62,1,卖盘
11:18:09,8.63,19,买盘
11:18:12,8.62,2,卖盘
11:18:18,8.63,25,买盘
11:18:21,8.62,2,卖盘
11:18:24,8.63,1,买盘
11:18:27,8.62,5,卖盘
11:18:33,8.62,18,卖盘
11:18:36,8.62,465,卖盘
11:18:39,8.63,1,买盘
11:18:42,8.62,7,卖盘
11:18:45,8.63,34,买盘
11:18:48,8.62,50,卖盘
11:18:54,8.63,1006,买盘
11:18:57,8.62,5,卖盘
11:19:03,8.63,1,买盘
11:19:06,8.63,395,买盘
11:19:09,8.63,531,卖盘
11:19:12,8.63,16,卖盘
11:19:15,8.63,1,卖盘
11:19:18,8.63,98,卖盘
11:19:24,8.63,11,卖盘
11:19:27,8.63,16,卖盘
11:19:30,8.64,22,买盘
11:19:33,8.63,11,卖盘
11:19:36,8.64,10,买盘
11:19:39,8.64,248,买盘
11:19:42,8.63,230,卖盘
11:19:45,8.64,253,买盘
11:19:48,8.64,200,买盘
11:19:51,8.64,32,买盘
11:19:54,8.64,221,买盘
11:19:57,8.64,233,买盘
11:20:00,8.64,201,买盘
11:20:03,8.64,29,买盘
11:20:06,8.65,25,买盘
11:20:09,8.64,6,卖盘
11:20:15,8.65,1595,买盘
11:20:18,8.65,60,卖盘
11:20:21,8.66,45,买盘
11:20:24,8.66,24,买盘
11:20:27,8.66,58,买盘
11:20:30,8.66,35,买盘
11:20:33,8.66,12,买盘
11:20:36,8.66,105,买盘
11:20:39,8.66,8,买盘
11:20:42,8.66,138,买盘
11:20:45,8.66,255,买盘
11:20:48,8.65,61,卖盘
11:20:51,8.66,331,买盘
11:20:54,8.66,35,买盘
11:20:57,8.66,13,买盘
11:21:00,8.66,82,买盘
11:21:03,8.66,60,卖盘
11:21:06,8.65,114,卖盘
11:21:09,8.66,87,买盘
11:21:12,8.67,17,买盘
11:21:15,8.66,50,卖盘
11:21:18,8.66,24,卖盘
11:21:21,8.67,1,买盘
11:21:24,8.66,3,卖盘
11:21:27,8.67,15,买盘
11:21:30,8.67,212,买盘
11:21:36,8.66,247,卖盘
11:21:39,8.67,23,买盘
11:21:42,8.67,881,买盘
11:21:45,8.67,1,买盘
11:21:48,8.67,19,买盘
11:21:51,8.67,35,买盘
11:21:54,8.67,4,买盘
11:21:57,8.67,38,买盘
11:22:00,8.66,34,卖盘
11:22:03,8.67,56,买盘
11:22:06,8.66,778,卖盘
11:22:09,8.67,736,买盘
11:22:12,8.67,140,卖盘
11:22:15,8.67,168,卖盘
11:22:21,8.67,115,买盘
11:22:24,8.66,23,卖盘
11:22:27,8.66,10,卖盘
11:22:30,8.67,3,买盘
11:22:36,8.66,1,卖盘
11:22:39,8.66,23,卖盘
11:22:42,8.67,14,买盘
11:22:45,8.66,8,卖盘
11:22:48,8.67,2,买盘
11:22:51,8.67,852,买盘
11:22:54,8.67,8,卖盘
11:22:57,8.67,68,卖盘
11:23:00,8.68,1001,买盘
11:23:03,8.67,36,卖盘
11:23:06,8.67,61,卖盘
11:23:09,8.68,102,买盘
11:23:12,8.68,282,买盘
11:23:15,8.68,1,买盘
11:23:18,8.68,6,买盘
11:23:21,8.68,394,买盘
11:23:24,8.68,205,买盘
11:23:27,8.67,174,卖盘
11:23:30,8.67,103,卖盘
11:23:39,8.67,37,卖盘
11:23:45,8.68,54,买盘
11:23:48,8.68,228,买盘
11:23:51,8.67,52,卖盘
11:23:54,8.68,20,买盘
11:23:57,8.67,3666,卖盘
11:24:00,8.67,7,卖盘
11:24:03,8.68,28,买盘
11:24:06,8.67,1,卖盘
11:24:09,8.67,151,卖盘
11:24:12,8.67,20,卖盘
11:24:15,8.67,15,卖盘
11:24:18,8.67,29,卖盘
11:24:21,8.67,52,卖盘
11:24:24,8.67,58,卖盘
11:24:27,8.67,28,卖盘
11:24:30,8.67,256,卖盘
11:24:33,8.67,37,卖盘
11:24:36,8.67,12,买盘
11:24:39,8.67,43,买盘
11:24:42,8.67,1,买盘
11:24:45,8.67,48,买盘
11:24:48,8.66,185,卖盘
11:24:51,8.67,35,买盘
11:24:54,8.67,21,买盘
11:24:57,8.66,38,卖盘
11:25:00,8.67,20,买盘
11:25:06,8.66,11,卖盘
11:25:09,8.66,22,卖盘
11:25:15,8.67,141,买盘
11:25:18,8.66,171,卖盘
11:25:21,8.66,38,卖盘
11:25:24,8.66,58,卖盘
11:25:27,8.66,15,卖盘
11:25:30,8.66,26,卖盘
11:25:33,8.66,41,卖盘
11:25:36,8.67,21,买盘
11:25:42,8.67,3,买盘
11:25:45,8.66,31,卖盘
11:25:54,8.66,11,卖盘
11:26:00,8.66,9,卖盘
11:26:03,8.66,28,卖盘
11:26:06,8.66,29,卖盘
11:26:12,8.67,32,买盘
11:26:15,8.66,4,卖盘
11:26:21,8.66,42,卖盘
11:26:24,8.67,41,买盘
11:26:27,8.66,109,卖盘
11:26:33,8.67,104,买盘
11:26:36,8.66,82,卖盘
11:26:39,8.67,209,买盘
11:26:42,8.66,302,卖盘
11:26:45,8.67,61,买盘
11:26:51,8.67,188,买盘
11:26:54,8.67,35,买盘
11:26:57,8.67,33,买盘
11:27:03,8.67,8,买盘
11:27:06,8.66,3,卖盘
11:27:09,8.66,9,卖盘
11:27:12,8.66,112,卖盘
11:27:15,8.66,23,卖盘
11:27:18,8.66,37,卖盘
11:27:21,8.66,63,卖盘
11:27:24,8.66,31,卖盘
11:27:30,8.66,10,卖盘
11:27:33,8.66,376,卖盘
11:27:36,8.66,58,买盘
11:27:39,8.66,5,买盘
11:27:42,8.66,225,买盘
11:27:45,8.66,20,买盘
11:27:48,8.66,23,买盘
11:27:51,8.65,11,卖盘
11:27:54,8.66,14,买盘
11:27:57,8.66,23,买盘
11:28:00,8.65,16,卖盘
11:28:06,8.65,12,卖盘
11:28:09,8.65,85,卖盘
11:28:15,8.66,133,买盘
11:28:18,8.66,196,买盘
11:28:21,8.65,4,卖盘
11:28:27,8.66,4,买盘
11:28:30,8.65,6,卖盘
11:28:33,8.65,20,卖盘
11:28:36,8.65,423,卖盘
11:28:39,8.65,5,卖盘
11:28:42,8.66,16,买盘
11:28:45,8.66,92,买盘
11:28:48,8.66,1,买盘
11:28:51,8.65,222,卖盘
11:28:57,8.66,30,买盘
11:29:00,8.65,10,卖盘
11:29:03,8.66,6,买盘
11:29:06,8.66,15,买盘
11:29:09,8.66,42,买盘
11:29:12,8.65,378,卖盘
11:29:18,8.65,64,买盘
11:29:21,8.65,17,买盘
11:29:24,8.66,34,买盘
11:29:30,8.65,28,卖盘
11:29:33,8.65,32,买盘
11:29:36,8.66,280,买盘
11:29:39,8.65,11,卖盘
11:29:42,8.65,18,卖盘
11:29:45,8.66,45,买盘
11:29:48,8.65,36,卖盘
11:29:51,8.65,123,卖盘
11:29:54,8.66,6,买盘
11:30:00,8.65,18,卖盘
13:00:00,8.66,50,买盘
13:00:03,8.64,1999,卖盘
13:00:06,8.65,1115,买盘
13:00:09,8.64,440,卖盘
13:00:12,8.63,13,卖盘
13:00:15,8.64,8,买盘
13:00:18,8.64,5,买盘
13:00:21,8.63,102,卖盘
13:00:24,8.64,44,买盘
13:00:27,8.64,134,买盘
13:00:30,8.64,34,卖盘
13:00:33,8.64,36,卖盘
13:00:36,8.64,10,卖盘
13:00:39,8.64,64,卖盘
13:00:42,8.64,16,卖盘
13:00:45,8.64,50,卖盘
13:00:48,8.64,49,卖盘
13:00:51,8.64,12,卖盘
13:00:54,8.64,57,卖盘
13:00:57,8.64,42,卖盘
13:01:06,8.63,315,卖盘
13:01:09,8.64,12,卖盘
13:01:12,8.64,31,买盘
13:01:15,8.64,5,买盘
13:01:18,8.63,170,卖盘
13:01:21,8.63,13,卖盘
13:01:24,8.64,2,买盘
13:01:27,8.63,13,卖盘
13:01:30,8.63,48,卖盘
13:01:33,8.64,12,买盘
13:01:36,8.64,16,买盘
13:01:39,8.63,4,卖盘
13:01:42,8.64,30,买盘
13:01:45,8.63,67,卖盘
13:01:48,8.63,16,卖盘
13:01:51,8.64,956,买盘
13:01:54,8.64,33,买盘
13:01:57,8.63,14,卖盘
13:02:00,8.63,28,卖盘
13:02:03,8.63,30,卖盘
13:02:06,8.64,4,买盘
13:02:09,8.64,175,买盘
13:02:12,8.64,10,买盘
13:02:18,8.64,44,卖盘
13:02:21,8.63,67,卖盘
13:02:24,8.64,13,买盘
13:02:27,8.64,74,买盘
13:02:30,8.64,124,买盘
13:02:33,8.64,1,卖盘
13:02:36,8.64,8,卖盘
13:02:39,8.64,73,卖盘
13:02:42,8.64,4,卖盘
13:02:45,8.64,156,卖盘
13:02:48,8.64,38,卖盘
13:02:51,8.65,50,买盘
13:02:54,8.64,42,卖盘
13:02:57,8.65,13,买盘
13:03:03,8.65,26,买盘
13:03:06,8.65,4,买盘
13:03:12,8.65,15,买盘
13:03:15,8.64,1,卖盘
13:03:18,8.64,21,卖盘
13:03:24,8.64,63,卖盘
13:03:30,8.65,24,买盘
13:03:33,8.64,12,卖盘
13:03:36,8.65,5,买盘
13:03:39,8.65,71,买盘
13:03:42,8.64,91,卖盘
13:03:45,8.65,1,买盘
13:03:51,8.65,4,买盘
13:03:54,8.65,42,买盘
13:03:57,8.65,35,买盘
13:04:00,8.65,26,买盘
13:04:03,8.65,1065,买盘
13:04:06,8.64,75,卖盘
13:04:09,8.64,51,卖盘
13:04:12,8.65,28,买盘
13:04:15,8.65,250,买盘
13:04:18,8.65,10,买盘
13:04:21,8.65,15,卖盘
13:04:24,8.65,1,卖盘
13:04:27,8.65,18,卖盘
13:04:30,8.65,45,买盘
13:04:33,8.65,1,买盘
13:04:36,8.65,10,买盘
13:04:39,8.64,74,卖盘
13:04:45,8.64,172,卖盘
13:04:48,8.64,62,卖盘
13:04:51,8.65,113,买盘
13:04:54,8.64,17,卖盘
13:04:57,8.64,6,卖盘
13:05:00,8.65,38,买盘
13:05:06,8.64,13,卖盘
13:05:09,8.65,10,买盘
13:05:12,8.65,3,买盘
13:05:15,8.65,61,买盘
13:05:21,8.65,167,买盘
13:05:24,8.65,26,买盘
13:05:27,8.64,15,卖盘
13:05:30,8.65,145,买盘
13:05:33,8.65,22,买盘
13:05:36,8.65,206,买盘
13:05:39,8.65,19,买盘
13:05:42,8.65,37,买盘
13:05:45,8.65,30,买盘
13:05:48,8.65,9,买盘
13:05:51,8.65,9,买盘
13:05:54,8.65,101,买盘
13:05:57,8.65,213,买盘
13:06:00,8.65,15,卖盘
13:06:03,8.65,37,卖盘
13:06:09,8.65,3,卖盘
13:06:12,8.65,18,卖盘
13:06:15,8.65,7,卖盘
13:06:18,8.65,88,卖盘
13:06:21,8.65,40,卖盘
13:06:24,8.65,21,买盘
13:06:27,8.65,3,买盘
13:06:30,8.64,16,卖盘
13:06:33,8.65,18,买盘
13:06:36,8.64,19,卖盘
13:06:39,8.65,9,买盘
13:06:42,8.65,36,买盘
13:06:45,8.65,188,买盘
13:06:48,8.64,10,卖盘
13:06:51,8.64,30,卖盘
13:06:57,8.64,47,卖盘
13:07:00,8.64,12,卖盘
13:07:03,8.64,19,卖盘
13:07:06,8.65,41,买盘
13:07:09,8.64,13,卖盘
13:07:12,8.65,76,买盘
13:07:15,8.64,50,卖盘
13:07:21,8.64,21,卖盘
13:07:24,8.64,34,卖盘
13:07:27,8.65,144,买盘
13:07:30,8.65,170,买盘
13:07:33,8.65,110,买盘
13:07:36,8.64,3,卖盘
13:07:39,8.65,20,买盘
13:07:42,8.64,3,卖盘
13:07:45,8.64,30,卖盘
13:07:48,8.64,27,卖盘
13:07:51,8.64,39,卖盘
13:07:54,8.64,154,卖盘
13:07:57,8.65,61,买盘
13:08:00,8.65,21,买盘
13:08:03,8.64,30,卖盘
13:08:06,8.64,40,卖盘
13:08:09,8.64,12,卖盘
13:08:15,8.65,20,买盘
13:08:18,8.65,513,买盘
13:08:21,8.65,80,买盘
13:08:30,8.64,5,卖盘
13:08:36,8.65,10,买盘
13:08:39,8.65,17,买盘
13:08:42,8.65,468,买盘
13:08:45,8.65,8,卖盘
13:08:48,8.65,201,卖盘
13:08:51,8.64,220,卖盘
13:08:54,8.65,133,买盘
13:08:57,8.65,144,买盘
13:09:00,8.65,15,买盘
13:09:06,8.65,10,买盘
13:09:09,8.65,10,买盘
13:09:12,8.65,47,买盘
13:09:15,8.65,94,买盘
13:09:18,8.65,15,买盘
13:09:21,8.65,14,买盘
13:09:24,8.64,28,卖盘
13:09:27,8.65,62,买盘
13:09:30,8.65,40,卖盘
13:09:33,8.64,154,卖盘
13:09:36,8.65,7,买盘
13:09:42,8.65,6,买盘
13:09:45,8.65,82,买盘
13:09:48,8.65,46,买盘
13:09:51,8.64,501,卖盘
13:09:54,8.64,16,卖盘
13:09:57,8.64,31,卖盘
13:10:00,8.65,6,买盘
13:10:03,8.64,120,卖盘
13:10:06,8.64,539,卖盘
13:10:09,8.65,5,买盘
13:10:12,8.65,100,买盘
13:10:15,8.64,41,卖盘
13:10:18,8.65,71,买盘
13:10:21,8.65,22,买盘
13:10:24,8.64,22,卖盘
13:10:27,8.65,42,买盘
13:10:30,8.64,3,卖盘
13:10:36,8.64,8,卖盘
13:10:39,8.64,305,卖盘
13:10:42,8.64,65,卖盘
13:10:45,8.64,21,卖盘
13:10:48,8.64,142,卖盘
13:10:51,8.64,46,卖盘
13:10:54,8.64,17,卖盘
13:10:57,8.64,3,卖盘
13:11:00,8.65,203,买盘
13:11:03,8.64,19,卖盘
13:11:06,8.64,29,卖盘
13:11:09,8.64,58,卖盘
13:11:12,8.64,35,卖盘
13:11:15,8.64,163,卖盘
13:11:18,8.64,50,卖盘
13:11:21,8.65,15,买盘
13:11:24,8.64,56,卖盘
13:11:27,8.64,1,卖盘
13:11:30,8.65,46,买盘
13:11:33,8.65,23,买盘
13:11:36,8.65,16,买盘
13:11:39,8.65,33,买盘
13:11:42,8.65,34,买盘
13:11:45,8.64,125,卖盘
13:11:48,8.65,187,买盘
13:11:51,8.65,5,买盘
13:11:54,8.64,138,卖盘
13:11:57,8.64,64,卖盘
13:12:03,8.64,77,卖盘
13:12:06,8.64,7,卖盘
13:12:09,8.64,35,卖盘
13:12:12,8.64,21,卖盘
13:12:15,8.63,1546,卖盘
13:12:18,8.63,319,卖盘
13:12:21,8.64,42,买盘
13:12:24,8.64,11,买盘
13:12:27,8.63,43,卖盘
13:12:30,8.63,48,卖盘
13:12:33,8.63,37,卖盘
13:12:36,8.64,162,买盘
13:12:39,8.63,126,卖盘
13:12:42,8.63,49,卖盘
13:12:45,8.63,1,卖盘
13:12:48,8.64,7,买盘
13:12:51,8.63,15,卖盘
13:12:54,8.63,18,卖盘
13:12:57,8.63,43,卖盘
13:13:00,8.63,231,卖盘
13:13:03,8.63,2,卖盘
13:13:06,8.64,119,买盘
13:13:09,8.63,12,卖盘
13:13:12,8.64,2,买盘
13:13:15,8.63,70,卖盘
13:13:18,8.63,17,卖盘
13:13:21,8.63,30,卖盘
13:13:24,8.63,164,卖盘
13:13:27,8.63,43,卖盘
13:13:30,8.63,24,卖盘
13:13:33,8.63,67,卖盘
13:13:36,8.63,65,卖盘
13:13:39,8.64,36,买盘
13:13:42,8.63,78,卖盘
13:13:45,8.63,21,卖盘
13:13:48,8.63,14,卖盘
13:13:51,8.63,48,卖盘
13:13:54,8.64,41,买盘
13:13:57,8.64,8,买盘
13:14:00,8.64,78,买盘
13:14:03,8.63,245,卖盘
13:14:06,8.64,441,买盘
13:14:09,8.63,333,卖盘
13:14:12,8.64,216,买盘
13:14:15,8.64,737,买盘
13:14:18,8.64,211,买盘
13:14:21,8.63,270,卖盘
13:14:24,8.63,49,卖盘
13:14:27,8.63,235,卖盘
13:14:30,8.63,5,卖盘
13:14:33,8.64,235,买盘
13:14:36,8.64,240,买盘
13:14:42,8.64,67,买盘
13:14:45,8.63,25,卖盘
13:14:48,8.64,40,买盘
13:14:51,8.63,5,卖盘
13:14:54,8.63,2,卖盘
13:14:57,8.64,92,买盘
13:15:03,8.63,7,卖盘
13:15:06,8.63,2447,卖盘
13:15:09,8.63,1196,买盘
13:15:12,8.63,10,买盘
13:15:15,8.63,38,买盘
13:15:18,8.63,61,卖盘
13:15:21,8.63,30,卖盘
13:15:27,8.63,18,卖盘
13:15:30,8.63,46,卖盘
13:15:33,8.64,28,买盘
13:15:36,8.63,1,卖盘
13:15:39,8.64,1003,买盘
13:15:42,8.64,12,买盘
13:15:45,8.63,22,卖盘
13:15:48,8.64,20,买盘
13:15:51,8.63,10,卖盘
13:15:54,8.64,3,买盘
13:15:57,8.63,1,卖盘
13:16:00,8.63,15,卖盘
13:16:03,8.63,413,卖盘
13:16:06,8.63,169,卖盘
13:16:12,8.63,30,卖盘
13:16:15,8.64,5,买盘
13:16:18,8.64,798,买盘
13:16:21,8.64,137,卖盘
13:16:24,8.64,90,卖盘
13:16:39,8.64,55,买盘
13:16:42,8.64,85,买盘
13:16:45,8.63,339,卖盘
13:16:48,8.64,982,买盘
13:16:51,8.64,7,卖盘
13:16:54,8.63,58,卖盘
13:16:57,8.63,92,卖盘
13:17:00,8.64,13,买盘
13:17:03,8.64,22,买盘
13:17:06,8.64,1,买盘
13:17:09,8.64,4,买盘
13:17:12,8.63,38,卖盘
13:17:15,8.63,70,卖盘
13:17:18,8.64,147,买盘
13:17:21,8.63,58,卖盘
13:17:24,8.64,9,买盘
13:17:30,8.64,20,卖盘
13:17:39,8.65,261,买盘
13:17:42,8.64,63,卖盘
13:17:45,8.64,16,卖盘
13:17:48,8.65,1,买盘
13:17:51,8.64,21,卖盘
13:17:54,8.64,19,买盘
13:17:57,8.64,10,买盘
13:18:00,8.63,1,卖盘
13:18:03,8.63,7,卖盘
13:18:06,8.63,20,卖盘
13:18:09,8.63,71,卖盘
13:18:12,8.64,991,买盘
13:18:15,8.64,49,卖盘
13:18:18,8.63,3,卖盘
13:18:21,8.64,11,买盘
13:18:24,8.63,11,卖盘
13:18:27,8.64,41,买盘
13:18:30,8.63,1,卖盘
13:18:33,8.63,125,卖盘
13:18:36,8.64,21,买盘
13:18:42,8.63,8,卖盘
13:18:45,8.63,13,卖盘
13:18:48,8.64,74,买盘
13:18:51,8.64,292,买盘
13:18:57,8.64,25,买盘
13:19:00,8.64,8,买盘
13:19:03,8.64,22,买盘
13:19:06,8.64,748,买盘
13:19:09,8.63,20,卖盘
13:19:12,8.63,31,卖盘
13:19:15,8.63,1844,卖盘
13:19:18,8.63,298,买盘
13:19:21,8.64,332,买盘
13:19:27,8.64,109,买盘
13:19:30,8.62,6,卖盘
13:19:33,8.64,108,买盘
13:19:39,8.64,7,买盘
13:19:45,8.64,20,买盘
13:19:48,8.63,16,卖盘
13:19:51,8.64,9,买盘
13:19:54,8.62,171,卖盘
13:19:57,8.62,150,卖盘
13:20:00,8.62,14,卖盘
13:20:03,8.62,202,卖盘
13:20:06,8.63,77,买盘
13:20:09,8.62,19,卖盘
13:20:12,8.62,19,卖盘
13:20:15,8.63,4,买盘
13:20:18,8.62,160,卖盘
13:20:21,8.62,175,卖盘
13:20:24,8.62,23,卖盘
13:20:27,8.63,34,买盘
13:20:30,8.63,107,买盘
13:20:33,8.63,1023,买盘
13:20:39,8.62,9,卖盘
13:20:42,8.63,7,买盘
13:20:45,8.62,12,卖盘
13:20:48,8.63,577,买盘
13:20:51,8.63,39,卖盘
13:20:54,8.63,73,卖盘
13:20:57,8.63,132,卖盘
13:21:00,8.63,11,卖盘
13:21:03,8.63,111,卖盘
13:21:06,8.63,464,卖盘
13:21:09,8.63,1,买盘
13:21:12,8.63,10,买盘
13:21:15,8.62,84,卖盘
13:21:18,8.62,707,卖盘
13:21:21,8.62,18,卖盘
13:21:24,8.63,67,买盘
13:21:27,8.63,2,买盘
13:21:30,8.62,45,卖盘
13:21:33,8.62,60,卖盘
13:21:36,8.63,5,买盘
13:21:39,8.62,112,卖盘
13:21:42,8.62,75,卖盘
13:21:45,8.62,42,卖盘
13:21:48,8.63,736,买盘
13:21:51,8.63,8,卖盘
13:21:54,8.63,217,卖盘
13:21:57,8.63,27,卖盘
13:22:00,8.63,12,卖盘
13:22:03,8.63,51,卖盘
13:22:06,8.63,16,卖盘
13:22:09,8.63,21,买盘
13:22:12,8.63,30,买盘
13:22:15,8.63,6,买盘
13:22:18,8.63,43,买盘
13:22:21,8.63,20,买盘
13:22:27,8.63,1,买盘
13:22:30,8.63,2,买盘
13:22:33,8.63,523,买盘
13:22:36,8.63,35,买盘
13:22:39,8.63,223,买盘
13:22:42,8.63,315,卖盘
13:22:45,8.62,55,卖盘
13:22:51,8.63,38,买盘
13:22:54,8.63,40,买盘
13:22:57,8.63,65,买盘
13:23:00,8.63,14,买盘
13:23:03,8.63,1,买盘
13:23:06,8.62,85,卖盘
13:23:09,8.63,56,买盘
13:23:12,8.63,76,买盘
13:23:15,8.63,3,买盘
13:23:18,8.63,13,买盘
13:23:21,8.63,2,买盘
13:23:24,8.63,115,买盘
13:23:27,8.63,19,卖盘
13:23:30,8.63,22,卖盘
13:23:33,8.63,1101,卖盘
13:23:36,8.63,20,卖盘
13:23:39,8.63,58,卖盘
13:23:42,8.64,22,买盘
13:23:48,8.63,109,卖盘
13:23:51,8.64,12,买盘
13:23:54,8.64,2,买盘
13:23:57,8.64,109,买盘
13:24:00,8.63,23,卖盘
13:24:03,8.64,57,买盘
13:24:06,8.64,279,买盘
13:24:09,8.64,184,买盘
13:24:12,8.64,52,卖盘
13:24:15,8.64,5,买盘
13:24:18,8.64,14,买盘
13:24:24,8.64,81,买盘
13:24:27,8.64,56,买盘
13:24:36,8.64,1,卖盘
13:24:39,8.65,28,买盘
13:24:42,8.65,30,买盘
13:24:45,8.65,5,买盘
13:24:48,8.64,5,卖盘
13:24:51,8.65,15,买盘
13:24:54,8.65,1954,买盘
13:25:00,8.66,115,买盘
13:25:03,8.65,41,卖盘
13:25:06,8.66,3,买盘
13:25:09,8.66,4,买盘
13:25:12,8.66,158,买盘
13:25:15,8.65,70,卖盘
13:25:18,8.66,12,买盘
13:25:21,8.65,42,卖盘
13:25:24,8.65,35,卖盘
13:25:27,8.66,16,买盘
13:25:33,8.65,10,卖盘
13:25:36,8.66,59,买盘
13:25:39,8.66,10,买盘
13:25:42,8.66,25,买盘
13:25:45,8.66,50,买盘
13:25:48,8.66,25,买盘
13:25:51,8.66,21,买盘
13:25:54,8.66,14,买盘
13:25:57,8.66,61,买盘
13:26:03,8.65,8,卖盘
13:26:06,8.65,25,卖盘
13:26:09,8.66,260,买盘
13:26:12,8.65,60,卖盘
13:26:15,8.66,6,买盘
13:26:18,8.65,2,卖盘
13:26:21,8.65,3,卖盘
13:26:24,8.65,77,卖盘
13:26:27,8.65,5,卖盘
13:26:30,8.66,23,买盘
13:26:33,8.65,37,卖盘
13:26:36,8.65,7,卖盘
13:26:39,8.65,57,卖盘
13:26:42,8.65,276,卖盘
13:26:45,8.65,160,卖盘
13:26:48,8.65,159,卖盘
13:26:51,8.65,429,卖盘
13:26:54,8.65,12,卖盘
13:26:57,8.63,904,卖盘
13:27:00,8.65,10,买盘
13:27:03,8.64,2,卖盘
13:27:06,8.65,89,买盘
13:27:09,8.65,28,买盘
13:27:12,8.64,21,卖盘
13:27:15,8.64,1,卖盘
13:27:18,8.65,1,买盘
13:27:21,8.65,52,买盘
13:27:24,8.65,1,买盘
13:27:27,8.64,20,卖盘
13:27:30,8.65,19,买盘
13:27:33,8.65,93,买盘
13:27:36,8.65,6,买盘
13:27:39,8.65,7,买盘
13:27:42,8.65,4,买盘
13:27:45,8.65,58,买盘
13:27:48,8.65,3,买盘
13:27:51,8.65,18,买盘
13:27:54,8.65,5,买盘
13:28:00,8.64,5,卖盘
13:28:03,8.65,10,买盘
13:28:09,8.65,7,买盘
13:28:12,8.65,2,买盘
13:28:15,8.64,209,卖盘
13:28:18,8.65,187,买盘
13:28:21,8.65,1,买盘
13:28:24,8.64,12,卖盘
13:28:27,8.65,2,买盘
13:28:30,8.64,30,卖盘
13:28:39,8.64,132,卖盘
13:28:42,8.64,7,卖盘
13:28:45,8.64,20,卖盘
13:28:48,8.65,3,买盘
13:28:51,8.64,39,卖盘
13:28:54,8.65,346,买盘
13:28:57,8.65,100,买盘
13:29:00,8.64,91,卖盘
13:29:03,8.65,40,买盘
13:29:06,8.65,544,买盘
13:29:09,8.65,75,卖盘
13:29:12,8.65,23,卖盘
13:29:15,8.65,11,卖盘
13:29:18,8.66,21,买盘
13:29:21,8.65,1,卖盘
13:29:24,8.66,77,买盘
13:29:27,8.66,13,买盘
13:29:30,8.66,316,买盘
13:29:33,8.65,7,卖盘
13:29:36,8.66,150,买盘
13:29:39,8.65,55,卖盘
13:29:42,8.66,20,买盘
13:29:45,8.66,125,买盘
13:29:48,8.66,47,买盘
13:29:51,8.66,6,买盘
13:29:54,8.65,16,卖盘
13:29:57,8.65,14,卖盘
13:30:00,8.66,176,买盘
13:30:03,8.65,46,卖盘
13:30:06,8.65,553,卖盘
13:30:09,8.65,33,卖盘
13:30:12,8.65,428,卖盘
13:30:15,8.66,124,买盘
13:30:18,8.66,202,买盘
13:30:21,8.66,535,买盘
13:30:24,8.66,132,卖盘
13:30:30,8.67,8,买盘
13:30:33,8.66,85,卖盘
13:30:36,8.67,94,买盘
13:30:39,8.67,62,买盘
13:30:42,8.67,109,买盘
13:30:45,8.67,14,买盘
13:30:48,8.67,23,买盘
13:30:51,8.67,47,买盘
13:30:54,8.67,60,买盘
13:30:57,8.67,119,买盘
13:31:00,8.67,75,买盘
13:31:03,8.66,30,卖盘
13:31:06,8.67,107,买盘
13:31:09,8.67,141,买盘
13:31:12,8.67,2,买盘
13:31:15,8.67,205,买盘
13:31:18,8.67,368,买盘
13:31:21,8.68,206,买盘
13:31:24,8.67,10,卖盘
13:31:30,8.68,20,买盘
13:31:33,8.67,45,卖盘
13:31:36,8.67,237,卖盘
13:31:39,8.68,232,买盘
13:31:42,8.68,219,买盘
13:31:45,8.67,275,卖盘
13:31:48,8.68,283,买盘
13:31:51,8.68,69,买盘
13:31:54,8.67,69,卖盘
13:31:57,8.68,421,买盘
13:32:00,8.68,100,买盘
13:32:03,8.68,69,买盘
13:32:06,8.67,255,卖盘
13:32:09,8.68,68,买盘
13:32:12,8.68,249,买盘
13:32:15,8.68,24,买盘
13:32:18,8.68,436,买盘
13:32:21,8.68,116,买盘
13:32:27,8.69,70,买盘
13:32:30,8.69,68,买盘
13:32:33,8.69,26,买盘
13:32:39,8.69,66,买盘
13:32:42,8.69,192,买盘
13:32:45,8.68,108,卖盘
13:32:48,8.68,52,卖盘
13:32:51,8.68,41,卖盘
13:32:54,8.69,20,买盘
13:32:57,8.69,5,买盘
13:33:00,8.69,3,买盘
13:33:03,8.69,69,买盘
13:33:06,8.68,64,卖盘
13:33:09,8.69,255,买盘
13:33:12,8.68,158,卖盘
13:33:15,8.69,233,买盘
13:33:21,8.69,10,买盘
13:33:24,8.69,193,买盘
13:33:27,8.68,171,卖盘
13:33:30,8.69,19,买盘
13:33:33,8.68,12,卖盘
13:33:36,8.69,9,买盘
13:33:39,8.68,80,卖盘
13:33:42,8.68,139,卖盘
13:33:45,8.68,120,卖盘
13:33:48,8.68,665,卖盘
13:33:51,8.68,40,买盘
13:33:54,8.68,5263,买盘
13:33:57,8.68,249,买盘
13:34:00,8.67,191,卖盘
13:34:03,8.67,9,买盘
13:34:06,8.67,96,买盘
13:34:09,8.67,57,买盘
13:34:12,8.67,25,卖盘
13:34:15,8.66,176,卖盘
13:34:18,8.66,4,卖盘
13:34:21,8.67,94,买盘
13:34:24,8.66,44,卖盘
13:34:30,8.66,11,卖盘
13:34:33,8.66,33,卖盘
13:34:36,8.67,5,买盘
13:34:39,8.67,373,买盘
13:34:42,8.66,91,卖盘
13:34:45,8.67,5,买盘
13:34:48,8.66,91,卖盘
13:34:51,8.66,21,卖盘
13:34:54,8.67,405,买盘
13:34:57,8.67,23,买盘
13:35:00,8.67,109,买盘
13:35:03,8.67,5,买盘
13:35:06,8.66,55,卖盘
13:35:09,8.67,131,买盘
13:35:12,8.67,88,卖盘
13:35:15,8.67,19,卖盘
13:35:18,8.67,81,卖盘
13:35:21,8.68,71,买盘
13:35:24,8.67,254,卖盘
13:35:27,8.67,90,卖盘
13:35:30,8.67,9,卖盘
13:35:33,8.67,14,卖盘
13:35:36,8.68,38,买盘
13:35:39,8.67,58,卖盘
13:35:42,8.67,13,卖盘
13:35:45,8.67,5,卖盘
13:35:48,8.67,300,卖盘
13:35:51,8.67,2,买盘
13:35:54,8.66,35,卖盘
13:35:57,8.66,16,卖盘
13:36:00,8.66,18,卖盘
13:36:03,8.67,10,买盘
13:36:06,8.67,252,买盘
13:36:09,8.66,122,卖盘
13:36:12,8.67,12,买盘
13:36:15,8.67,35,买盘
13:36:18,8.67,102,买盘
13:36:21,8.67,48,买盘
13:36:24,8.67,96,买盘
13:36:27,8.66,78,卖盘
13:36:30,8.67,14,买盘
13:36:33,8.66,94,卖盘
13:36:36,8.67,108,买盘
13:36:39,8.67,138,卖盘
13:36:42,8.68,4,买盘
13:36:45,8.67,8,卖盘
13:36:48,8.68,87,买盘
13:36:51,8.68,2,买盘
13:36:54,8.68,208,买盘
13:36:57,8.67,24,卖盘
13:37:00,8.68,45,买盘
13:37:03,8.68,20,买盘
13:37:06,8.67,12,卖盘
13:37:09,8.67,45,卖盘
13:37:12,8.67,28,卖盘
13:37:15,8.67,143,卖盘
13:37:18,8.68,52,买盘
13:37:24,8.67,25,卖盘
13:37:27,8.68,2,买盘
13:37:30,8.67,78,卖盘
13:37:33,8.68,68,买盘
13:37:36,8.68,7,买盘
13:37:39,8.68,107,买盘
13:37:42,8.68,98,买盘
13:37:45,8.67,1,卖盘
13:37:48,8.67,117,卖盘
13:37:51,8.67,36,卖盘
13:37:54,8.67,748,卖盘
13:37:57,8.68,66,买盘
13:38:00,8.68,85,买盘
13:38:03,8.68,7,买盘
13:38:06,8.68,179,买盘
13:38:09,8.68,40,买盘
13:38:12,8.68,7,买盘
13:38:15,8.68,26,买盘
13:38:18,8.68,42,买盘
13:38:24,8.68,99,买盘
13:38:27,8.68,7,买盘
13:38:30,8.67,114,卖盘
13:38:33,8.68,44,买盘
13:38:39,8.68,5,买盘
13:38:42,8.67,85,卖盘
13:38:45,8.67,128,卖盘
13:38:48,8.68,10,买盘
13:38:51,8.68,37,买盘
13:38:54,8.67,56,卖盘
13:38:57,8.67,42,卖盘
13:39:00,8.68,581,买盘
13:39:06,8.67,3,卖盘
13:39:09,8.68,136,买盘
13:39:12,8.68,639,买盘
13:39:15,8.68,46,买盘
13:39:18,8.68,5,买盘
13:39:21,8.68,4,买盘
13:39:24,8.67,4,卖盘
13:39:27,8.68,307,买盘
13:39:30,8.67,80,卖盘
13:39:33,8.68,589,买盘
13:39:39,8.67,95,卖盘
13:39:42,8.68,38,买盘
13:39:48,8.68,150,买盘
13:39:51,8.68,1,买盘
13:39:54,8.67,7,卖盘
13:39:57,8.68,20,买盘
13:40:00,8.67,11,卖盘
13:40:06,8.68,22,买盘
13:40:12,8.67,6,卖盘
13:40:15,8.68,310,买盘
13:40:18,8.68,4,买盘
13:40:21,8.68,63,买盘
13:40:24,8.67,30,卖盘
13:40:27,8.68,50,买盘
13:40:30,8.68,105,买盘
13:40:33,8.67,115,卖盘
13:40:36,8.67,24,卖盘
13:40:39,8.67,37,卖盘
13:40:42,8.67,107,卖盘
13:40:45,8.67,19,卖盘
13:40:48,8.68,47,买盘
13:40:51,8.68,135,买盘
13:40:54,8.67,210,卖盘
13:40:57,8.67,5,卖盘
13:41:03,8.67,871,卖盘
13:41:06,8.67,64,买盘
13:41:15,8.66,287,卖盘
13:41:18,8.67,12,买盘
13:41:21,8.66,365,卖盘
13:41:24,8.66,143,卖盘
13:41:27,8.67,57,买盘
13:41:30,8.66,18,卖盘
13:41:33,8.66,19,卖盘
13:41:39,8.66,27,卖盘
13:41:42,8.67,2,买盘
13:41:45,8.67,200,买盘
13:41:51,8.67,225,买盘
13:41:54,8.67,640,买盘
13:41:57,8.66,105,卖盘
13:42:00,8.67,2,买盘
13:42:03,8.66,123,卖盘
13:42:06,8.67,46,买盘
13:42:09,8.66,10,卖盘
13:42:12,8.67,17,买盘
13:42:18,8.66,65,卖盘
13:42:21,8.66,1,卖盘
13:42:24,8.66,3,卖盘
13:42:27,8.66,24,卖盘
13:42:30,8.66,93,卖盘
13:42:33,8.67,92,买盘
13:42:36,8.66,172,卖盘
13:42:39,8.67,8,买盘
13:42:42,8.67,2,买盘
13:42:45,8.67,235,买盘
13:42:48,8.66,9,卖盘
13:42:54,8.66,60,卖盘
13:42:57,8.67,19,买盘
13:43:00,8.66,115,卖盘
13:43:03,8.67,24,买盘
13:43:06,8.67,12,买盘
13:43:09,8.67,134,买盘
13:43:12,8.67,5,买盘
13:43:15,8.66,43,卖盘
13:43:21,8.66,23,卖盘
13:43:24,8.66,789,卖盘
13:43:27,8.65,3431,卖盘
13:43:30,8.65,799,卖盘
13:43:33,8.65,1,卖盘
13:43:36,8.66,644,买盘
13:43:39,8.65,4,卖盘
13:43:42,8.65,1212,卖盘
13:43:45,8.65,41,卖盘
13:43:48,8.65,38,卖盘
13:43:51,8.65,1195,卖盘
13:43:54,8.64,146,卖盘
13:43:57,8.65,26,买盘
13:44:00,8.64,33,卖盘
13:44:03,8.64,24,卖盘
13:44:06,8.65,12,买盘
13:44:09,8.65,2,买盘
13:44:12,8.65,5,买盘
13:44:15,8.65,11,买盘
13:44:21,8.65,68,买盘
13:44:27,8.65,20,买盘
13:44:30,8.64,12,卖盘
13:44:33,8.64,6,卖盘
13:44:36,8.64,88,卖盘
13:44:39,8.64,17,卖盘
13:44:42,8.65,4,买盘
13:44:45,8.64,35,卖盘
13:44:48,8.64,46,卖盘
13:44:51,8.64,126,卖盘
13:44:54,8.64,5,卖盘
13:44:57,8.64,3,卖盘
13:45:00,8.65,88,买盘
13:45:03,8.64,9,卖盘
13:45:06,8.64,6,卖盘
13:45:09,8.64,113,卖盘
13:45:12,8.65,140,买盘
13:45:15,8.64,71,卖盘
13:45:18,8.64,43,卖盘
13:45:21,8.64,30,卖盘
13:45:24,8.64,1015,卖盘
13:45:27,8.65,2,买盘
13:45:30,8.64,2,卖盘
13:45:36,8.65,8,买盘
13:45:39,8.64,23,卖盘
13:45:42,8.64,19,卖盘
13:45:45,8.64,75,卖盘
13:45:48,8.64,5,卖盘
13:45:51,8.64,45,卖盘
13:45:54,8.65,18,买盘
13:45:57,8.64,34,卖盘
13:46:00,8.64,48,卖盘
13:46:03,8.64,62,卖盘
13:46:06,8.65,10,买盘
13:46:09,8.64,3,卖盘
13:46:12,8.65,76,买盘
13:46:18,8.65,16,买盘
13:46:21,8.65,5,买盘
13:46:24,8.64,41,卖盘
13:46:27,8.65,10,买盘
13:46:30,8.64,1,卖盘
13:46:33,8.64,22,卖盘
13:46:36,8.65,1,买盘
13:46:39,8.64,3,卖盘
13:46:45,8.65,110,买盘
13:46:48,8.65,260,买盘
13:46:51,8.65,24,买盘
13:46:54,8.65,123,买盘
13:46:57,8.65,34,买盘
13:47:00,8.65,12,买盘
13:47:03,8.65,12,买盘
13:47:06,8.65,14,买盘
13:47:09,8.64,72,卖盘
13:47:12,8.65,201,买盘
13:47:15,8.65,10,买盘
13:47:18,8.65,199,买盘
13:47:21,8.65,94,买盘
13:47:24,8.65,743,买盘
13:47:27,8.65,141,买盘
13:47:30,8.66,76,买盘
13:47:33,8.65,30,卖盘
13:47:36,8.66,96,买盘
13:47:39,8.65,82,卖盘
13:47:42,8.66,5,买盘
13:47:45,8.66,14,买盘
13:47:48,8.66,18,买盘
13:47:51,8.66,225,买盘
13:47:54,8.65,3,卖盘
13:47:57,8.66,198,买盘
13:48:03,8.66,264,买盘
13:48:06,8.66,23,买盘
13:48:09,8.66,213,买盘
13:48:12,8.66,70,买盘
13:48:15,8.66,111,买盘
13:48:18,8.66,27,卖盘
13:48:21,8.66,61,卖盘
13:48:24,8.66,16,卖盘
13:48:27,8.66,19,卖盘
13:48:33,8.66,5,卖盘
13:48:39,8.66,43,卖盘
13:48:42,8.66,4,买盘
13:48:45,8.66,15,买盘
13:48:48,8.65,28,卖盘
13:48:51,8.65,41,卖盘
13:48:54,8.65,237,卖盘
13:48:57,8.66,15,买盘
13:49:00,8.66,27,买盘
13:49:03,8.65,129,卖盘
13:49:06,8.65,665,卖盘
13:49:09,8.65,100,卖盘
13:49:12,8.65,6,买盘
13:49:15,8.65,39,买盘
13:49:18,8.64,1,卖盘
13:49:21,8.64,4,卖盘
13:49:24,8.64,49,卖盘
13:49:27,8.64,64,卖盘
13:49:30,8.64,31,卖盘
13:49:33,8.65,78,买盘
13:49:36,8.64,46,卖盘
13:49:39,8.64,120,卖盘
13:49:51,8.64,10,卖盘
13:49:54,8.64,40,卖盘
13:49:57,8.64,25,卖盘
13:50:00,8.64,11,卖盘
13:50:03,8.65,64,买盘
13:50:06,8.64,5,卖盘
13:50:09,8.65,44,买盘
13:50:12,8.65,1,买盘
13:50:15,8.64,201,卖盘
13:50:18,8.65,45,买盘
13:50:21,8.65,31,买盘
13:50:24,8.65,117,买盘
13:50:27,8.65,82,买盘
13:50:33,8.64,10,卖盘
13:50:36,8.64,12,卖盘
13:50:39,8.64,72,卖盘
13:50:45,8.65,2,买盘
13:50:48,8.64,46,卖盘
13:50:51,8.64,18,卖盘
13:50:57,8.64,198,卖盘
13:51:00,8.65,11,买盘
13:51:03,8.65,10,买盘
13:51:06,8.64,13,卖盘
13:51:09,8.64,1,卖盘
13:51:12,8.65,117,买盘
13:51:15,8.64,80,卖盘
13:51:18,8.64,24,卖盘
13:51:21,8.64,51,卖盘
13:51:24,8.65,17,买盘
13:51:27,8.65,14,买盘
13:51:30,8.65,10,买盘
13:51:39,8.64,187,卖盘
13:51:42,8.64,16,卖盘
13:51:45,8.64,1,卖盘
13:51:48,8.65,170,买盘
13:51:51,8.64,16,卖盘
13:51:54,8.65,9,买盘
13:51:57,8.64,57,卖盘
13:52:03,8.64,31,卖盘
13:52:06,8.65,3,买盘
13:52:09,8.64,85,卖盘
13:52:12,8.65,6,买盘
13:52:15,8.64,113,卖盘
13:52:18,8.65,37,买盘
13:52:21,8.64,120,卖盘
13:52:24,8.64,43,卖盘
13:52:27,8.64,54,卖盘
13:52:30,8.64,3,卖盘
13:52:33,8.65,204,买盘
13:52:36,8.64,106,卖盘
13:52:39,8.64,1,卖盘
13:52:42,8.65,205,买盘
13:52:45,8.64,89,卖盘
13:52:48,8.65,201,买盘
13:52:51,8.64,21,卖盘
13:52:54,8.65,202,买盘
13:52:57,8.65,2,买盘
13:53:00,8.64,227,卖盘
13:53:03,8.65,128,买盘
13:53:06,8.65,228,买盘
13:53:09,8.65,122,买盘
13:53:12,8.65,154,买盘
13:53:15,8.64,7,卖盘
13:53:18,8.65,643,买盘
13:53:21,8.65,241,买盘
13:53:24,8.65,41,卖盘
13:53:27,8.65,39,卖盘
13:53:30,8.65,212,卖盘
13:53:33,8.65,196,买盘
13:53:36,8.65,79,卖盘
13:53:39,8.65,25,卖盘
13:53:42,8.66,213,买盘
13:53:45,8.66,2,买盘
13:53:48,8.66,215,买盘
13:53:51,8.65,3,卖盘
13:53:54,8.66,220,买盘
13:53:57,8.66,2,买盘
13:54:00,8.66,263,买盘
13:54:03,8.65,286,卖盘
13:54:06,8.65,9,卖盘
13:54:09,8.65,27,卖盘
13:54:12,8.65,249,卖盘
13:54:15,8.66,376,买盘
13:54:18,8.65,27,卖盘
13:54:21,8.66,63,买盘
13:54:24,8.65,30,卖盘
13:54:27,8.66,20,买盘
13:54:30,8.66,2,买盘
13:54:33,8.66,1,买盘
13:54:36,8.66,34,买盘
13:54:39,8.65,73,卖盘
13:54:42,8.65,74,卖盘
13:54:45,8.65,77,买盘
13:54:48,8.65,30,买盘
13:54:54,8.65,22,买盘
13:54:57,8.65,1,买盘
13:55:03,8.65,1,买盘
13:55:06,8.65,29,买盘
13:55:09,8.64,17,卖盘
13:55:12,8.65,41,买盘
13:55:15,8.65,255,买盘
13:55:18,8.65,34,买盘
13:55:21,8.65,117,买盘
13:55:24,8.65,17,卖盘
13:55:27,8.65,4,卖盘
13:55:30,8.65,141,卖盘
13:55:33,8.66,20,买盘
13:55:36,8.65,436,卖盘
13:55:39,8.64,81,卖盘
13:55:42,8.65,17,买盘
13:55:45,8.65,6,买盘
13:55:48,8.65,30,买盘
13:55:51,8.65,50,买盘
13:55:54,8.64,41,卖盘
13:55:57,8.65,1152,买盘
13:56:00,8.65,78,买盘
13:56:03,8.65,26,买盘
13:56:06,8.64,37,卖盘
13:56:09,8.65,5,买盘
13:56:12,8.64,119,卖盘
13:56:15,8.64,325,卖盘
13:56:18,8.63,23,卖盘
13:56:21,8.64,83,买盘
13:56:24,8.64,890,卖盘
13:56:27,8.64,18,买盘
13:56:30,8.64,2,买盘
13:56:33,8.64,7,买盘
13:56:36,8.64,20,买盘
13:56:42,8.63,25,卖盘
13:56:45,8.63,21,卖盘
13:56:51,8.63,14,卖盘
13:56:54,8.64,67,买盘
13:56:57,8.63,412,卖盘
13:57:00,8.63,4,卖盘
13:57:06,8.64,19,买盘
13:57:09,8.63,583,卖盘
13:57:12,8.64,6,买盘
13:57:15,8.63,41,卖盘
13:57:18,8.64,5,买盘
13:57:21,8.63,51,卖盘
13:57:27,8.64,29,买盘
13:57:30,8.64,49,买盘
13:57:33,8.64,11,卖盘
13:57:36,8.64,182,卖盘
13:57:39,8.64,13,买盘
13:57:42,8.64,2,买盘
13:57:45,8.64,11,买盘
13:57:48,8.64,103,买盘
13:57:51,8.63,21,卖盘
13:57:54,8.64,25,买盘
13:57:57,8.63,18,卖盘
13:58:00,8.63,8,卖盘
13:58:03,8.63,64,卖盘
13:58:09,8.64,17,买盘
13:58:12,8.64,100,买盘
13:58:15,8.64,622,买盘
13:58:21,8.64,232,买盘
13:58:24,8.64,11,买盘
13:58:27,8.63,32,卖盘
13:58:30,8.64,10,买盘
13:58:33,8.63,13,卖盘
13:58:36,8.63,7,卖盘
13:58:39,8.64,13,买盘
13:58:42,8.63,84,卖盘
13:58:45,8.64,58,买盘
13:58:48,8.64,13,买盘
13:58:51,8.63,17,卖盘
13:58:54,8.63,97,卖盘
13:58:57,8.64,2016,买盘
13:59:03,8.65,8,买盘
13:59:06,8.64,14,卖盘
13:59:09,8.64,14,卖盘
13:59:12,8.64,70,卖盘
13:59:15,8.64,98,买盘
13:59:18,8.65,64,买盘
13:59:21,8.64,41,卖盘
13:59:24,8.64,37,卖盘
13:59:27,8.64,128,买盘
13:59:30,8.65,68,买盘
13:59:33,8.64,7,卖盘
13:59:39,8.64,39,卖盘
13:59:42,8.64,11,卖盘
13:59:48,8.64,4,卖盘
13:59:51,8.64,159,卖盘
13:59:54,8.64,8,卖盘
13:59:57,8.64,90,卖盘
14:00:00,8.64,52,卖盘
14:00:03,8.64,2,卖盘
14:00:06,8.64,32,卖盘
14:00:09,8.65,12,买盘
14:00:12,8.63,4,卖盘
14:00:15,8.64,17,买盘
14:00:18,8.64,6,卖盘
14:00:21,8.64,21,卖盘
14:00:24,8.64,25,买盘
14:00:27,8.64,42,买盘
14:00:30,8.64,13,买盘
14:00:33,8.64,189,买盘
14:00:36,8.64,133,买盘
14:00:39,8.64,32,买盘
14:00:42,8.64,8,买盘
14:00:45,8.64,11,买盘
14:00:48,8.64,74,买盘
14:00:51,8.63,236,卖盘
14:00:54,8.64,12,买盘
14:00:57,8.64,311,买盘
14:01:00,8.64,13,买盘
14:01:06,8.64,1,买盘
14:01:09,8.63,8,卖盘
14:01:12,8.63,12,卖盘
14:01:15,8.64,301,买盘
14:01:18,8.64,65,买盘
14:01:21,8.64,14,买盘
14:01:24,8.63,1,卖盘
14:01:27,8.63,60,卖盘
14:01:30,8.64,68,买盘
14:01:33,8.64,3,卖盘
14:01:39,8.64,1,卖盘
14:01:42,8.65,52,买盘
14:01:45,8.64,40,卖盘
14:01:48,8.64,1,卖盘
14:01:51,8.64,713,卖盘
14:01:54,8.64,15,卖盘
14:01:57,8.64,39,卖盘
14:02:00,8.64,975,卖盘
14:02:03,8.64,1,买盘
14:02:06,8.64,36,买盘
14:02:09,8.64,13,买盘
14:02:12,8.65,111,买盘
14:02:15,8.64,1,卖盘
14:02:18,8.64,88,卖盘
14:02:21,8.65,7,买盘
14:02:24,8.64,13,卖盘
14:02:27,8.64,4,卖盘
14:02:33,8.64,173,卖盘
14:02:36,8.64,62,卖盘
14:02:39,8.65,23,买盘
14:02:42,8.64,17,卖盘
14:02:45,8.65,133,买盘
14:02:48,8.64,87,卖盘
14:02:51,8.64,91,卖盘
14:02:54,8.64,41,卖盘
14:03:00,8.65,112,买盘
14:03:03,8.64,32,卖盘
14:03:06,8.65,40,买盘
14:03:09,8.64,3,卖盘
14:03:12,8.65,9,买盘
14:03:15,8.64,104,卖盘
14:03:18,8.64,94,卖盘
14:03:27,8.64,295,卖盘
14:03:30,8.64,39,买盘
14:03:33,8.63,21,卖盘
14:03:36,8.64,43,买盘
14:03:39,8.64,105,卖盘
14:03:42,8.64,53,卖盘
14:03:45,8.64,23,买盘
14:03:48,8.64,51,买盘
14:03:51,8.65,95,买盘
14:03:54,8.64,94,买盘
14:03:57,8.64,4,卖盘
14:04:03,8.64,186,卖盘
14:04:09,8.64,67,卖盘
14:04:12,8.64,77,卖盘
14:04:15,8.64,20,卖盘
14:04:18,8.65,75,买盘
14:04:21,8.64,19,卖盘
14:04:24,8.65,14,买盘
14:04:27,8.65,93,买盘
14:04:30,8.64,33,卖盘
14:04:33,8.65,10,买盘
14:04:36,8.65,50,买盘
14:04:39,8.65,37,买盘
14:04:42,8.65,129,买盘
14:04:45,8.64,141,卖盘
14:04:48,8.64,137,卖盘
14:04:54,8.64,106,卖盘
14:04:57,8.64,50,卖盘
14:05:00,8.65,109,买盘
14:05:03,8.64,5,卖盘
14:05:06,8.64,7,卖盘
14:05:09,8.64,106,卖盘
14:05:12,8.65,62,买盘
14:05:15,8.65,130,买盘
14:05:18,8.65,12,买盘
14:05:21,8.65,110,买盘
14:05:24,8.64,578,卖盘
14:05:27,8.64,104,卖盘
14:05:30,8.64,16,卖盘
14:05:33,8.64,1,卖盘
14:05:36,8.64,169,卖盘
14:05:39,8.64,135,卖盘
14:05:42,8.64,114,卖盘
14:05:48,8.65,13,买盘
14:05:51,8.64,353,卖盘
14:05:54,8.64,1197,卖盘
14:05:57,8.64,24,买盘
14:06:00,8.63,29,卖盘
14:06:03,8.63,122,卖盘
14:06:06,8.63,61,卖盘
14:06:09,8.64,102,买盘
14:06:12,8.64,34,买盘
14:06:15,8.64,141,买盘
14:06:18,8.64,49,买盘
14:06:21,8.64,145,买盘
14:06:24,8.63,6,卖盘
14:06:27,8.64,1070,买盘
14:06:30,8.63,1523,卖盘
14:06:33,8.64,641,买盘
14:06:36,8.64,123,买盘
14:06:39,8.63,16580,卖盘
14:06:42,8.62,214,卖盘
14:06:45,8.63,54,买盘
14:06:48,8.63,109,买盘
14:06:51,8.63,8,买盘
14:06:54,8.62,125,卖盘
14:06:57,8.63,28,买盘
14:07:00,8.62,88,买盘
14:07:03,8.62,33,买盘
14:07:06,8.62,238,买盘
14:07:09,8.62,19,卖盘
14:07:12,8.62,31,卖盘
14:07:15,8.62,160,卖盘
14:07:18,8.62,32,买盘
14:07:21,8.62,152,买盘
14:07:24,8.62,217,买盘
14:07:27,8.62,108,卖盘
14:07:30,8.62,27,买盘
14:07:33,8.62,155,买盘
14:07:36,8.62,35,买盘
14:07:39,8.61,194,卖盘
14:07:42,8.62,838,买盘
14:07:45,8.61,31,卖盘
14:07:48,8.61,1837,卖盘
14:07:51,8.61,693,卖盘
14:07:54,8.61,233,卖盘
14:07:57,8.61,166,卖盘
14:08:00,8.61,40,卖盘
14:08:03,8.61,132,卖盘
14:08:06,8.61,52,卖盘
14:08:09,8.62,14,买盘
14:08:12,8.61,77,卖盘
14:08:15,8.62,8,买盘
14:08:18,8.61,63,卖盘
14:08:21,8.61,62,卖盘
14:08:24,8.61,74,卖盘
14:08:27,8.62,2,买盘
14:08:33,8.62,178,买盘
14:08:36,8.61,50,卖盘
14:08:39,8.61,31,卖盘
14:08:42,8.61,243,卖盘
14:08:45,8.62,163,买盘
14:08:48,8.61,7,卖盘
14:08:51,8.61,80,卖盘
14:08:54,8.61,283,卖盘
14:08:57,8.62,122,买盘
14:09:00,8.61,100,卖盘
14:09:03,8.61,124,卖盘
14:09:06,8.61,11,卖盘
14:09:09,8.61,46,卖盘
14:09:12,8.62,235,买盘
14:09:15,8.61,61,卖盘
14:09:18,8.61,36,买盘
14:09:21,8.6,90,卖盘
14:09:24,8.61,46,买盘
14:09:27,8.61,206,买盘
14:09:30,8.61,45,买盘
14:09:33,8.61,38,买盘
14:09:36,8.61,5,买盘
14:09:39,8.6,25,卖盘
14:09:42,8.6,63,卖盘
14:09:45,8.6,82,卖盘
14:09:48,8.6,97,卖盘
14:09:51,8.61,62,买盘
14:09:54,8.6,102,卖盘
14:09:57,8.6,36,卖盘
14:10:00,8.6,35,卖盘
14:10:03,8.6,230,卖盘
14:10:06,8.61,71,买盘
14:10:09,8.61,199,买盘
14:10:12,8.6,105,卖盘
14:10:15,8.61,12,买盘
14:10:18,8.6,51,卖盘
14:10:21,8.61,77,买盘
14:10:24,8.6,25,卖盘
14:10:27,8.6,148,卖盘
14:10:30,8.61,19,买盘
14:10:33,8.6,90,卖盘
14:10:36,8.6,7,卖盘
14:10:39,8.61,115,买盘
14:10:42,8.6,12,卖盘
14:10:45,8.6,1,卖盘
14:10:48,8.6,31,卖盘
14:10:51,8.6,61,卖盘
14:10:54,8.6,10,卖盘
14:10:57,8.6,40,卖盘
14:11:00,8.6,92,卖盘
14:11:03,8.61,27,买盘
14:11:06,8.61,71,买盘
14:11:09,8.6,36,卖盘
14:11:12,8.6,82,卖盘
14:11:15,8.6,529,卖盘
14:11:18,8.6,190,卖盘
14:11:21,8.6,4616,卖盘
14:11:24,8.6,82,卖盘
14:11:27,8.6,106,卖盘
14:11:30,8.6,383,卖盘
14:11:33,8.6,662,卖盘
14:11:36,8.6,89,卖盘
14:11:39,8.6,124,卖盘
14:11:42,8.6,715,卖盘
14:11:45,8.6,2225,卖盘
14:11:48,8.6,1057,卖盘
14:11:51,8.6,1647,卖盘
14:11:54,8.6,1098,卖盘
14:11:57,8.6,1146,卖盘
14:12:00,8.6,284,卖盘
14:12:03,8.6,1473,卖盘
14:12:06,8.6,1133,卖盘
14:12:09,8.59,209,卖盘
14:12:12,8.6,110,买盘
14:12:18,8.59,67,卖盘
14:12:21,8.6,54,买盘
14:12:24,8.6,33,买盘
14:12:27,8.59,110,卖盘
14:12:30,8.6,614,买盘
14:12:33,8.59,43,卖盘
14:12:36,8.59,146,卖盘
14:12:39,8.6,118,买盘
14:12:42,8.6,77,买盘
14:12:45,8.59,260,卖盘
14:12:48,8.59,24,卖盘
14:12:51,8.59,230,卖盘
14:12:54,8.59,122,卖盘
14:12:57,8.6,323,买盘
14:13:00,8.59,102,卖盘
14:13:03,8.59,413,卖盘
14:13:06,8.59,362,卖盘
14:13:09,8.59,164,卖盘
14:13:12,8.59,1962,卖盘
14:13:15,8.59,50,卖盘
14:13:18,8.59,290,卖盘
14:13:21,8.59,48,卖盘
14:13:24,8.59,1084,卖盘
14:13:27,8.59,181,卖盘
14:13:30,8.59,280,卖盘
14:13:33,8.6,84,买盘
14:13:36,8.59,50,卖盘
14:13:39,8.6,9,买盘
14:13:42,8.59,101,卖盘
14:13:45,8.59,130,卖盘
14:13:48,8.59,108,卖盘
14:13:51,8.59,117,卖盘
14:13:54,8.59,165,卖盘
14:13:57,8.59,122,卖盘
14:14:00,8.59,186,卖盘
14:14:03,8.59,79,卖盘
14:14:06,8.59,21,买盘
14:14:09,8.58,15,卖盘
14:14:12,8.59,154,买盘
14:14:15,8.59,35,买盘
14:14:18,8.59,38,买盘
14:14:21,8.59,200,买盘
14:14:24,8.59,95,买盘
14:14:27,8.58,29,卖盘
14:14:30,8.58,127,卖盘
14:14:33,8.58,2923,卖盘
14:14:36,8.58,193,卖盘
14:14:39,8.58,472,卖盘
14:14:42,8.58,33,卖盘
14:14:45,8.58,180,卖盘
14:14:48,8.58,230,卖盘
14:14:51,8.58,426,卖盘
14:14:54,8.59,67,买盘
14:14:57,8.59,81,买盘
14:15:00,8.59,198,买盘
14:15:03,8.59,231,买盘
14:15:06,8.58,95,卖盘
14:15:09,8.58,99,卖盘
14:15:12,8.58,69,卖盘
14:15:15,8.58,165,卖盘
14:15:18,8.59,168,买盘
14:15:21,8.58,133,卖盘
14:15:24,8.58,16,卖盘
14:15:27,8.59,16,买盘
14:15:30,8.59,74,买盘
14:15:33,8.58,5,卖盘
14:15:36,8.59,21,买盘
14:15:39,8.58,143,卖盘
14:15:42,8.59,247,买盘
14:15:45,8.58,31,卖盘
14:15:48,8.58,153,卖盘
14:15:51,8.58,30,卖盘
14:15:54,8.59,31,买盘
14:15:57,8.58,286,卖盘
14:16:00,8.58,276,卖盘
14:16:03,8.58,318,卖盘
14:16:06,8.58,92,卖盘
14:16:09,8.58,43,卖盘
14:16:12,8.58,96,卖盘
14:16:15,8.59,23,买盘
14:16:18,8.58,85,卖盘
14:16:21,8.58,51,卖盘
14:16:24,8.58,31,卖盘
14:16:27,8.58,116,卖盘
14:16:30,8.58,113,卖盘
14:16:33,8.59,139,买盘
14:16:36,8.58,56,卖盘
14:16:39,8.58,163,卖盘
14:16:42,8.59,26,买盘
14:16:45,8.58,13,卖盘
14:16:48,8.58,128,卖盘
14:16:51,8.59,63,买盘
14:16:54,8.58,115,卖盘
14:16:57,8.58,33,卖盘
14:17:00,8.58,3,卖盘
14:17:03,8.58,30,卖盘
14:17:06,8.58,55,卖盘
14:17:09,8.59,155,买盘
14:17:12,8.58,9,卖盘
14:17:15,8.58,97,卖盘
14:17:18,8.59,3,买盘
14:17:21,8.59,35,买盘
14:17:24,8.58,7,卖盘
14:17:27,8.59,26,买盘
14:17:30,8.58,93,卖盘
14:17:33,8.59,1,买盘
14:17:36,8.59,1,买盘
14:17:39,8.58,225,卖盘
14:17:42,8.58,16,卖盘
14:17:45,8.58,2,卖盘
14:17:48,8.58,49,卖盘
14:17:51,8.58,12,卖盘
14:17:54,8.58,15,卖盘
14:17:57,8.58,39,卖盘
14:18:00,8.58,945,卖盘
14:18:03,8.58,339,卖盘
14:18:06,8.58,82,卖盘
14:18:09,8.58,19,卖盘
14:18:12,8.59,194,买盘
14:18:15,8.58,17,卖盘
14:18:18,8.59,39,买盘
14:18:21,8.59,1049,买盘
14:18:24,8.59,52,买盘
14:18:27,8.59,627,买盘
14:18:30,8.59,100,买盘
14:18:33,8.59,186,买盘
14:18:36,8.58,497,卖盘
14:18:39,8.59,28,买盘
14:18:42,8.59,611,买盘
14:18:45,8.59,519,买盘
14:18:48,8.59,19,卖盘
14:18:54,8.6,15,买盘
14:19:00,8.59,10,卖盘
14:19:03,8.59,236,卖盘
14:19:06,8.6,26,买盘
14:19:09,8.59,90,卖盘
14:19:12,8.59,54,卖盘
14:19:15,8.59,982,卖盘
14:19:18,8.59,104,买盘
14:19:21,8.59,184,买盘
14:19:24,8.59,22,买盘
14:19:27,8.59,1258,买盘
14:19:30,8.58,412,卖盘
14:19:33,8.59,320,买盘
14:19:36,8.58,282,卖盘
14:19:39,8.59,23,买盘
14:19:42,8.59,129,买盘
14:19:45,8.58,83,卖盘
14:19:48,8.59,225,买盘
14:19:51,8.59,95,买盘
14:19:54,8.59,165,卖盘
14:19:57,8.59,5,买盘
14:20:00,8.59,119,买盘
14:20:03,8.59,74,买盘
14:20:06,8.59,226,买盘
14:20:09,8.59,225,买盘
14:20:12,8.59,113,买盘
14:20:18,8.59,217,卖盘
14:20:21,8.59,107,买盘
14:20:24,8.59,2,买盘
14:20:27,8.58,156,卖盘
14:20:30,8.59,19,卖盘
14:20:33,8.58,19,卖盘
14:20:36,8.59,154,买盘
14:20:39,8.58,128,卖盘
14:20:42,8.58,1194,卖盘
14:20:45,8.58,3,卖盘
14:20:48,8.6,133,买盘
14:20:51,8.58,24,卖盘
14:20:54,8.59,218,买盘
14:20:57,8.58,31,卖盘
14:21:00,8.58,440,卖盘
14:21:03,8.58,121,卖盘
14:21:06,8.58,42,卖盘
14:21:09,8.58,274,卖盘
14:21:12,8.59,42,买盘
14:21:15,8.58,368,卖盘
14:21:18,8.58,154,卖盘
14:21:21,8.59,104,买盘
14:21:24,8.59,40,卖盘
14:21:27,8.59,215,卖盘
14:21:30,8.59,12,买盘
14:21:33,8.6,127,买盘
14:21:36,8.59,135,买盘
14:21:39,8.58,38,卖盘
14:21:42,8.58,21,卖盘
14:21:45,8.59,27,买盘
14:21:48,8.58,20,卖盘
14:21:51,8.59,182,买盘
14:21:54,8.58,30,卖盘
14:21:57,8.59,72,买盘
14:22:00,8.58,44,卖盘
14:22:03,8.58,29,卖盘
14:22:06,8.59,27,买盘
14:22:09,8.59,13,买盘
14:22:12,8.59,23,买盘
14:22:15,8.59,25,买盘
14:22:18,8.59,40,买盘
14:22:21,8.59,17,买盘
14:22:24,8.58,61,卖盘
14:22:27,8.59,8,买盘
14:22:30,8.58,70,卖盘
14:22:33,8.59,152,买盘
14:22:36,8.59,100,买盘
14:22:39,8.6,557,买盘
14:22:42,8.6,67,买盘
14:22:45,8.6,21,买盘
14:22:48,8.6,13,买盘
14:22:51,8.6,6,买盘
14:22:54,8.6,10,买盘
14:22:57,8.59,395,卖盘
14:23:00,8.6,23,买盘
14:23:03,8.6,279,买盘
14:23:06,8.6,25,买盘
14:23:09,8.6,51,买盘
14:23:12,8.59,12,卖盘
14:23:15,8.59,666,卖盘
14:23:18,8.59,70,卖盘
14:23:21,8.59,8,卖盘
14:23:24,8.59,71,卖盘
14:23:27,8.6,133,买盘
14:23:30,8.59,53,卖盘
14:23:33,8.6,44,买盘
14:23:36,8.59,4,卖盘
14:23:39,8.59,86,卖盘
14:23:42,8.6,25,买盘
14:23:45,8.59,10,卖盘
14:23:51,8.59,544,卖盘
14:23:54,8.6,53,买盘
14:23:57,8.59,38,卖盘
14:24:03,8.59,12,卖盘
14:24:06,8.59,13,卖盘
14:24:09,8.59,18,卖盘
14:24:12,8.59,53,卖盘
14:24:15,8.59,69,卖盘
14:24:18,8.6,205,买盘
14:24:21,8.59,120,卖盘
14:24:24,8.6,140,买盘
14:24:27,8.6,68,买盘
14:24:30,8.59,127,卖盘
14:24:33,8.6,65,买盘
14:24:42,8.59,51,卖盘
14:24:45,8.59,179,卖盘
14:24:48,8.59,73,卖盘
14:24:51,8.59,49,卖盘
14:24:54,8.6,91,买盘
14:24:57,8.6,3,买盘
14:25:00,8.6,107,买盘
14:25:03,8.6,81,买盘
14:25:06,8.6,21,买盘
14:25:09,8.6,13,买盘
14:25:12,8.6,64,买盘
14:25:15,8.6,23,买盘
14:25:18,8.59,764,卖盘
14:25:21,8.6,122,买盘
14:25:24,8.6,110,买盘
14:25:27,8.59,64,卖盘
14:25:33,8.6,161,买盘
14:25:36,8.59,89,卖盘
14:25:39,8.59,30,卖盘
14:25:45,8.6,27,买盘
14:25:48,8.59,176,卖盘
14:25:51,8.59,1153,卖盘
14:25:54,8.59,1357,卖盘
14:25:57,8.59,324,买盘
14:26:00,8.59,167,买盘
14:26:06,8.59,16,买盘
14:26:09,8.59,10,买盘
14:26:12,8.59,28,买盘
14:26:15,8.58,93,卖盘
14:26:18,8.59,63,买盘
14:26:21,8.59,894,买盘
14:26:24,8.59,280,卖盘
14:26:27,8.59,93,卖盘
14:26:30,8.59,213,卖盘
14:26:33,8.59,51,卖盘
14:26:36,8.59,170,卖盘
14:26:39,8.59,163,卖盘
14:26:42,8.59,2143,卖盘
14:26:45,8.59,10,买盘
14:26:48,8.59,76,买盘
14:26:51,8.59,104,买盘
14:26:57,8.59,76,买盘
14:27:00,8.58,29,卖盘
14:27:03,8.59,310,买盘
14:27:06,8.58,30,卖盘
14:27:09,8.58,172,卖盘
14:27:12,8.58,154,卖盘
14:27:15,8.58,43,卖盘
14:27:18,8.59,6,买盘
14:27:21,8.59,68,买盘
14:27:24,8.58,14,卖盘
14:27:27,8.59,2,买盘
14:27:30,8.59,1,买盘
14:27:33,8.58,2,卖盘
14:27:36,8.59,113,买盘
14:27:39,8.58,44,卖盘
14:27:42,8.59,4,买盘
14:27:45,8.59,236,买盘
14:27:48,8.58,230,卖盘
14:27:51,8.58,471,卖盘
14:27:54,8.59,93,买盘
14:27:57,8.59,10,买盘
14:28:00,8.59,9,买盘
14:28:03,8.58,96,卖盘
14:28:06,8.58,11,卖盘
14:28:09,8.58,13,卖盘
14:28:12,8.58,23,卖盘
14:28:15,8.59,18,买盘
14:28:18,8.59,79,买盘
14:28:21,8.58,505,卖盘
14:28:24,8.58,162,卖盘
14:28:27,8.58,3196,卖盘
14:28:30,8.58,56,买盘
14:28:33,8.57,199,卖盘
14:28:36,8.57,49,卖盘
14:28:39,8.57,8,卖盘
14:28:42,8.57,118,卖盘
14:28:45,8.58,161,买盘
14:28:48,8.57,58,卖盘
14:28:51,8.58,83,买盘
14:28:54,8.57,94,卖盘
14:28:57,8.57,130,卖盘
14:29:00,8.57,46,卖盘
14:29:03,8.58,204,买盘
14:29:06,8.58,18,买盘
14:29:09,8.57,76,卖盘
14:29:12,8.58,66,买盘
14:29:15,8.58,65,买盘
14:29:18,8.58,35,买盘
14:29:21,8.58,31,买盘
14:29:24,8.58,102,买盘
14:29:27,8.58,18,买盘
14:29:30,8.58,76,买盘
14:29:33,8.58,63,买盘
14:29:36,8.58,25,买盘
14:29:39,8.58,92,买盘
14:29:42,8.58,50,买盘
14:29:45,8.58,750,买盘
14:29:48,8.58,57,买盘
14:29:51,8.58,405,买盘
14:29:54,8.58,75,买盘
14:30:00,8.58,30,卖盘
14:30:03,8.58,190,卖盘
14:30:06,8.58,157,卖盘
14:30:09,8.58,51,卖盘
14:30:12,8.58,61,卖盘
14:30:15,8.58,252,卖盘
14:30:18,8.59,25,买盘
14:30:21,8.59,15,买盘
14:30:24,8.58,176,卖盘
14:30:27,8.58,34,卖盘
14:30:30,8.58,39,卖盘
14:30:33,8.59,235,买盘
14:30:36,8.58,34,卖盘
14:30:39,8.58,327,卖盘
14:30:42,8.59,122,买盘
14:30:45,8.59,11,买盘
14:30:48,8.59,103,买盘
14:30:51,8.59,68,买盘
14:30:54,8.59,168,买盘
14:30:57,8.59,307,买盘
14:31:00,8.59,798,买盘
14:31:03,8.59,134,买盘
14:31:06,8.59,270,买盘
14:31:09,8.58,104,卖盘
14:31:12,8.59,134,买盘
14:31:15,8.59,250,买盘
14:31:18,8.59,335,卖盘
14:31:27,8.59,138,卖盘
14:31:30,8.59,159,卖盘
14:31:33,8.59,68,卖盘
14:31:36,8.59,112,卖盘
14:31:39,8.6,51,买盘
14:31:42,8.6,160,买盘
14:31:45,8.6,43,买盘
14:31:48,8.6,43,买盘
14:31:51,8.59,10,卖盘
14:31:54,8.59,150,卖盘
14:31:57,8.6,18,买盘
14:32:00,8.6,69,买盘
14:32:03,8.6,108,买盘
14:32:06,8.59,26,卖盘
14:32:09,8.59,112,卖盘
14:32:12,8.59,110,卖盘
14:32:15,8.59,523,卖盘
14:32:18,8.59,32,卖盘
14:32:21,8.6,233,买盘
14:32:24,8.6,44,买盘
14:32:27,8.6,551,买盘
14:32:33,8.6,405,买盘
14:32:36,8.6,49,买盘
14:32:39,8.59,159,卖盘
14:32:42,8.6,144,买盘
14:32:45,8.59,1058,卖盘
14:32:48,8.59,40,买盘
14:32:51,8.59,192,买盘
14:32:54,8.58,113,卖盘
14:32:57,8.59,35,买盘
14:33:00,8.59,65,买盘
14:33:03,8.59,135,买盘
14:33:06,8.59,6,买盘
14:33:09,8.59,34,买盘
14:33:12,8.59,38,买盘
14:33:15,8.59,30,买盘
14:33:21,8.58,172,卖盘
14:33:24,8.58,116,卖盘
14:33:27,8.59,28,买盘
14:33:30,8.58,49,卖盘
14:33:33,8.58,683,卖盘
14:33:36,8.59,37,买盘
14:33:39,8.58,43,卖盘
14:33:42,8.58,10,卖盘
14:33:45,8.59,23,买盘
14:33:48,8.58,12,卖盘
14:33:51,8.58,21,卖盘
14:33:54,8.58,7,卖盘
14:33:57,8.59,10,买盘
14:34:00,8.59,123,买盘
14:34:03,8.59,148,买盘
14:34:06,8.58,36,卖盘
14:34:09,8.59,14,买盘
14:34:12,8.59,8,买盘
14:34:15,8.59,17,买盘
14:34:18,8.59,4,买盘
14:34:24,8.59,39,买盘
14:34:27,8.59,224,买盘
14:34:30,8.58,36,卖盘
14:34:33,8.58,67,卖盘
14:34:36,8.59,31,买盘
14:34:39,8.58,92,卖盘
14:34:42,8.59,30,买盘
14:34:45,8.59,82,买盘
14:34:48,8.58,30,卖盘
14:34:51,8.59,6,买盘
14:34:54,8.59,159,买盘
14:34:57,8.58,477,卖盘
14:35:00,8.59,12,买盘
14:35:03,8.59,60,买盘
14:35:06,8.58,459,卖盘
14:35:09,8.58,1,卖盘
14:35:12,8.58,181,卖盘
14:35:15,8.59,50,买盘
14:35:18,8.58,133,卖盘
14:35:21,8.59,58,买盘
14:35:24,8.59,150,买盘
14:35:27,8.59,284,买盘
14:35:30,8.59,125,买盘
14:35:33,8.59,40,买盘
14:35:36,8.58,414,卖盘
14:35:39,8.58,80,卖盘
14:35:42,8.59,272,买盘
14:35:45,8.59,101,买盘
14:35:48,8.59,83,买盘
14:35:51,8.59,429,买盘
14:35:54,8.59,11,买盘
14:35:57,8.59,164,买盘
14:36:00,8.59,24,买盘
14:36:03,8.59,102,买盘
14:36:06,8.59,61,买盘
14:36:09,8.59,183,买盘
14:36:12,8.59,38,买盘
14:36:15,8.59,186,买盘
14:36:18,8.59,10,买盘
14:36:21,8.59,118,买盘
14:36:24,8.59,2,买盘
14:36:27,8.59,194,买盘
14:36:30,8.58,18,卖盘
14:36:33,8.59,3,买盘
14:36:36,8.59,314,买盘
14:36:39,8.58,8,卖盘
14:36:42,8.59,120,买盘
14:36:45,8.58,26,卖盘
14:36:48,8.59,589,买盘
14:36:51,8.59,11,买盘
14:36:54,8.59,5,买盘
14:36:57,8.59,101,买盘
14:37:00,8.59,10,买盘
14:37:03,8.59,264,买盘
14:37:06,8.59,84,买盘
14:37:09,8.58,253,卖盘
14:37:12,8.59,10,买盘
14:37:15,8.6,23,买盘
14:37:18,8.59,89,卖盘
14:37:21,8.59,90,卖盘
14:37:24,8.59,72,卖盘
14:37:27,8.59,13,卖盘
14:37:30,8.59,20,卖盘
14:37:33,8.6,114,买盘
14:37:36,8.59,137,卖盘
14:37:39,8.6,101,买盘
14:37:42,8.6,10,买盘
14:37:45,8.59,296,卖盘
14:37:48,8.59,114,卖盘
14:37:51,8.59,55,卖盘
14:37:54,8.6,129,买盘
14:37:57,8.6,1,买盘
14:38:00,8.6,169,买盘
14:38:03,8.6,25,买盘
14:38:06,8.6,183,买盘
14:38:09,8.59,64,卖盘
14:38:12,8.59,33,卖盘
14:38:15,8.6,45,买盘
14:38:18,8.6,77,买盘
14:38:21,8.6,47,买盘
14:38:24,8.59,2,卖盘
14:38:27,8.59,26,卖盘
14:38:30,8.6,30,买盘
14:38:33,8.6,106,买盘
14:38:36,8.6,43,买盘
14:38:39,8.6,15,买盘
14:38:42,8.6,29,买盘
14:38:45,8.6,25,买盘
14:38:48,8.6,80,买盘
14:38:51,8.59,1,卖盘
14:38:54,8.6,11,买盘
14:38:57,8.59,38,卖盘
14:39:00,8.59,19,卖盘
14:39:03,8.59,306,卖盘
14:39:06,8.6,4,买盘
14:39:09,8.6,29,买盘
14:39:12,8.6,13,买盘
14:39:15,8.59,76,卖盘
14:39:18,8.6,445,买盘
14:39:21,8.6,37,买盘
14:39:24,8.6,67,买盘
14:39:27,8.6,71,买盘
14:39:30,8.6,132,买盘
14:39:33,8.6,194,买盘
14:39:36,8.6,276,买盘
14:39:39,8.6,626,买盘
14:39:42,8.6,118,买盘
14:39:45,8.6,38,买盘
14:39:48,8.59,187,卖盘
14:39:51,8.6,181,买盘
14:39:54,8.6,142,买盘
14:39:57,8.6,48,买盘
14:40:00,8.6,319,买盘
14:40:03,8.6,226,买盘
14:40:06,8.61,7,买盘
14:40:09,8.6,9,卖盘
14:40:12,8.6,251,卖盘
14:40:15,8.61,137,买盘
14:40:18,8.61,94,买盘
14:40:21,8.6,310,卖盘
14:40:24,8.61,115,买盘
14:40:27,8.6,112,卖盘
14:40:30,8.61,35,买盘
14:40:33,8.61,182,买盘
14:40:36,8.61,234,买盘
14:40:39,8.61,43,买盘
14:40:42,8.6,106,卖盘
14:40:45,8.61,23,买盘
14:40:48,8.61,102,买盘
14:40:51,8.61,49,买盘
14:40:54,8.61,249,买盘
14:40:57,8.61,78,买盘
14:41:00,8.61,210,买盘
14:41:03,8.61,100,买盘
14:41:06,8.6,63,卖盘
14:41:09,8.6,2157,卖盘
14:41:12,8.61,216,买盘
14:41:15,8.61,121,买盘
14:41:18,8.6,111,卖盘
14:41:21,8.6,344,卖盘
14:41:24,8.6,117,卖盘
14:41:27,8.6,110,卖盘
14:41:30,8.61,8,买盘
14:41:33,8.6,192,卖盘
14:41:36,8.61,72,买盘
14:41:39,8.6,195,卖盘
14:41:42,8.61,109,买盘
14:41:45,8.61,16,买盘
14:41:48,8.6,40,卖盘
14:41:51,8.6,24,卖盘
14:41:54,8.61,4,买盘
14:41:57,8.61,53,买盘
14:42:00,8.6,74,卖盘
14:42:03,8.61,82,买盘
14:42:06,8.61,21,买盘
14:42:09,8.6,15,卖盘
14:42:12,8.61,56,买盘
14:42:15,8.6,195,卖盘
14:42:18,8.61,36,买盘
14:42:21,8.61,60,买盘
14:42:24,8.61,26,买盘
14:42:27,8.61,61,买盘
14:42:30,8.61,28,买盘
14:42:33,8.61,68,买盘
14:42:36,8.61,34,买盘
14:42:39,8.6,95,卖盘
14:42:42,8.61,10,买盘
14:42:45,8.61,179,买盘
14:42:48,8.61,41,买盘
14:42:51,8.6,550,卖盘
14:42:54,8.61,37,买盘
14:42:57,8.6,8,卖盘
14:43:00,8.6,23,卖盘
14:43:03,8.61,191,买盘
14:43:06,8.6,73,卖盘
14:43:09,8.6,213,卖盘
14:43:12,8.6,285,卖盘
14:43:15,8.6,14,卖盘
14:43:18,8.61,88,买盘
14:43:21,8.61,155,买盘
14:43:24,8.61,45,买盘
14:43:27,8.61,34,买盘
14:43:30,8.6,54,卖盘
14:43:33,8.61,48,买盘
14:43:36,8.61,307,买盘
14:43:39,8.6,45,卖盘
14:43:42,8.61,910,买盘
14:43:45,8.6,79,卖盘
14:43:48,8.6,127,卖盘
14:43:51,8.61,103,买盘
14:43:54,8.61,245,买盘
14:43:57,8.6,21,卖盘
14:44:00,8.61,69,买盘
14:44:03,8.61,41,买盘
14:44:06,8.61,295,买盘
14:44:09,8.61,67,买盘
14:44:12,8.6,99,卖盘
14:44:15,8.6,14,卖盘
14:44:18,8.6,75,卖盘
14:44:21,8.6,26,卖盘
14:44:24,8.6,351,卖盘
14:44:27,8.6,27,卖盘
14:44:30,8.61,265,买盘
14:44:33,8.61,184,买盘
14:44:36,8.61,114,买盘
14:44:39,8.61,69,买盘
14:44:42,8.61,49,买盘
14:44:45,8.6,19,卖盘
14:44:48,8.61,183,买盘
14:44:54,8.61,243,买盘
14:44:57,8.61,46,买盘
14:45:00,8.61,155,买盘
14:45:03,8.61,474,买盘
14:45:06,8.62,363,买盘
14:45:09,8.61,44,卖盘
14:45:12,8.61,75,卖盘
14:45:15,8.62,106,买盘
14:45:18,8.62,23,买盘
14:45:21,8.62,34,买盘
14:45:27,8.62,15,买盘
14:45:30,8.61,28,卖盘
14:45:33,8.62,322,买盘
14:45:36,8.62,235,买盘
14:45:39,8.62,13,买盘
14:45:42,8.62,164,买盘
14:45:45,8.61,15,卖盘
14:45:48,8.62,176,买盘
14:45:51,8.62,110,买盘
14:45:54,8.62,69,买盘
14:45:57,8.62,146,买盘
14:46:00,8.62,6,买盘
14:46:03,8.61,81,卖盘
14:46:06,8.62,256,买盘
14:46:09,8.62,124,买盘
14:46:12,8.62,73,买盘
14:46:15,8.62,128,买盘
14:46:18,8.61,48,卖盘
14:46:21,8.61,52,卖盘
14:46:24,8.62,281,买盘
14:46:27,8.61,49,卖盘
14:46:30,8.62,76,买盘
14:46:33,8.62,40,买盘
14:46:36,8.62,100,买盘
14:46:39,8.61,231,卖盘
14:46:42,8.62,150,买盘
14:46:45,8.62,45,买盘
14:46:48,8.62,24,买盘
14:46:51,8.62,45,买盘
14:46:54,8.62,23,买盘
14:46:57,8.61,45,卖盘
14:47:00,8.61,113,卖盘
14:47:03,8.61,557,卖盘
14:47:09,8.62,62,买盘
14:47:12,8.62,95,买盘
14:47:15,8.61,109,卖盘
14:47:18,8.62,560,买盘
14:47:21,8.62,123,买盘
14:47:24,8.62,94,买盘
14:47:27,8.62,15,买盘
14:47:30,8.61,608,卖盘
14:47:33,8.62,256,买盘
14:47:36,8.62,128,买盘
14:47:39,8.61,349,卖盘
14:47:42,8.62,11,买盘
14:47:45,8.61,208,卖盘
14:47:48,8.62,553,买盘
14:47:51,8.61,110,卖盘
14:47:54,8.62,40,买盘
14:47:57,8.61,5,卖盘
14:48:00,8.61,15,卖盘
14:48:03,8.61,35,卖盘
14:48:06,8.62,35,买盘
14:48:09,8.61,21,卖盘
14:48:12,8.62,87,买盘
14:48:15,8.62,187,买盘
14:48:18,8.62,24,买盘
14:48:21,8.61,86,卖盘
14:48:24,8.62,322,买盘
14:48:27,8.61,63,卖盘
14:48:30,8.61,81,卖盘
14:48:33,8.61,163,卖盘
14:48:36,8.62,44,买盘
14:48:39,8.62,14,买盘
14:48:42,8.62,20,买盘
14:48:48,8.62,26,买盘
14:48:51,8.62,3,买盘
14:48:54,8.61,71,卖盘
14:48:57,8.62,25,买盘
14:49:00,8.62,37,买盘
14:49:03,8.62,346,买盘
14:49:06,8.62,61,买盘
14:49:09,8.62,52,买盘
14:49:12,8.61,120,卖盘
14:49:15,8.61,97,卖盘
14:49:18,8.61,186,卖盘
14:49:21,8.62,61,买盘
14:49:24,8.62,253,买盘
14:49:27,8.62,30,买盘
14:49:30,8.62,37,买盘
14:49:33,8.62,100,买盘
14:49:36,8.61,46,卖盘
14:49:39,8.62,37,买盘
14:49:42,8.61,134,卖盘
14:49:45,8.62,5,买盘
14:49:48,8.61,101,卖盘
14:49:51,8.62,51,买盘
14:49:54,8.62,37,买盘
14:49:57,8.61,46,卖盘
14:50:00,8.62,133,买盘
14:50:03,8.62,160,买盘
14:50:06,8.62,47,买盘
14:50:09,8.62,275,买盘
14:50:12,8.62,106,买盘
14:50:15,8.62,51,买盘
14:50:18,8.62,88,买盘
14:50:21,8.62,114,买盘
14:50:24,8.62,1340,买盘
14:50:27,8.62,156,买盘
14:50:30,8.62,25,买盘
14:50:33,8.61,96,卖盘
14:50:36,8.61,137,卖盘
14:50:39,8.61,249,卖盘
14:50:42,8.61,136,卖盘
14:50:45,8.62,172,买盘
14:50:48,8.62,186,买盘
14:50:51,8.62,157,买盘
14:50:54,8.61,56,卖盘
14:50:57,8.61,269,卖盘
14:51:00,8.61,76,卖盘
14:51:03,8.61,154,卖盘
14:51:06,8.61,416,卖盘
14:51:09,8.62,253,买盘
14:51:12,8.62,628,买盘
14:51:15,8.61,241,卖盘
14:51:18,8.61,1336,卖盘
14:51:21,8.61,262,卖盘
14:51:24,8.61,59,买盘
14:51:27,8.61,118,买盘
14:51:30,8.61,283,买盘
14:51:33,8.61,356,买盘
14:51:36,8.61,109,买盘
14:51:39,8.6,289,卖盘
14:51:42,8.61,59,买盘
14:51:45,8.61,504,买盘
14:51:48,8.61,43,买盘
14:51:51,8.61,69,买盘
14:51:54,8.6,398,卖盘
14:51:57,8.6,564,卖盘
14:52:00,8.6,280,卖盘
14:52:03,8.6,723,卖盘
14:52:06,8.6,118,卖盘
14:52:09,8.6,156,卖盘
14:52:12,8.61,98,买盘
14:52:15,8.61,167,买盘
14:52:18,8.6,219,卖盘
14:52:21,8.6,62,卖盘
14:52:24,8.6,248,卖盘
14:52:27,8.61,105,买盘
14:52:30,8.6,336,卖盘
14:52:33,8.61,66,买盘
14:52:36,8.61,117,买盘
14:52:39,8.61,281,买盘
14:52:42,8.61,291,买盘
14:52:45,8.6,206,卖盘
14:52:48,8.61,183,买盘
14:52:51,8.61,213,买盘
14:52:54,8.6,81,卖盘
14:52:57,8.61,246,买盘
14:53:00,8.61,320,买盘
14:53:03,8.61,103,买盘
14:53:06,8.61,169,买盘
14:53:09,8.61,298,买盘
14:53:12,8.61,123,买盘
14:53:15,8.61,168,买盘
14:53:18,8.61,81,买盘
14:53:21,8.61,135,买盘
14:53:24,8.61,201,买盘
14:53:27,8.61,123,买盘
14:53:30,8.61,251,买盘
14:53:33,8.61,734,买盘
14:53:36,8.61,1173,买盘
14:53:39,8.61,534,买盘
14:53:42,8.61,955,买盘
14:53:45,8.61,153,卖盘
14:53:48,8.61,117,卖盘
14:53:51,8.61,47,卖盘
14:53:54,8.61,45,卖盘
14:53:57,8.61,114,卖盘
14:54:00,8.62,261,买盘
14:54:03,8.62,477,买盘
14:54:06,8.61,269,卖盘
14:54:09,8.62,125,买盘
14:54:12,8.61,355,卖盘
14:54:15,8.61,103,卖盘
14:54:18,8.62,570,买盘
14:54:21,8.61,622,卖盘
14:54:24,8.62,357,买盘
14:54:27,8.61,83,卖盘
14:54:30,8.61,340,卖盘
14:54:33,8.62,206,买盘
14:54:36,8.62,269,买盘
14:54:39,8.62,125,买盘
14:54:42,8.62,149,买盘
14:54:45,8.62,246,买盘
14:54:48,8.62,545,买盘
14:54:51,8.62,277,买盘
14:54:54,8.62,488,买盘
14:54:57,8.61,396,卖盘
14:55:00,8.62,2762,买盘
14:55:03,8.62,79,买盘
14:55:06,8.61,379,卖盘
14:55:09,8.61,261,卖盘
14:55:12,8.62,43,买盘
14:55:15,8.62,214,买盘
14:55:18,8.62,452,买盘
14:55:21,8.62,351,买盘
14:55:24,8.62,123,买盘
14:55:27,8.62,365,买盘
14:55:30,8.62,662,买盘
14:55:33,8.62,293,买盘
14:55:36,8.62,325,买盘
14:55:39,8.61,434,卖盘
14:55:42,8.62,170,买盘
14:55:45,8.62,167,买盘
14:55:48,8.62,153,买盘
14:55:51,8.62,201,买盘
14:55:54,8.62,257,买盘
14:55:57,8.62,503,买盘
14:56:00,8.61,165,卖盘
14:56:03,8.62,320,买盘
14:56:06,8.63,703,买盘
14:56:09,8.62,361,卖盘
14:56:12,8.63,154,买盘
14:56:15,8.62,127,卖盘
14:56:18,8.61,762,卖盘
14:56:21,8.62,234,买盘
14:56:24,8.62,905,卖盘
14:56:27,8.63,76,买盘
14:56:30,8.63,181,买盘
14:56:33,8.62,88,卖盘
14:56:36,8.63,221,买盘
14:56:39,8.63,941,买盘
14:56:42,8.62,229,卖盘
14:56:45,8.63,81,买盘
14:56:48,8.63,217,买盘
14:56:51,8.63,42,买盘
14:56:54,8.63,348,买盘
14:56:57,8.63,699,买盘
14:57:00,8.63,141,卖盘
15:00:00,8.63,11796,卖盘
