时间,成交价,手数,买卖盘性质
09:15:00,2.36,4945,0
09:15:09,2.36,18379,0
09:15:18,2.36,20286,0
09:15:27,2.36,18380,0
09:15:36,2.36,17397,0
09:15:45,2.36,18477,0
09:15:54,2.36,14994,0
09:16:03,2.36,15791,0
09:16:12,2.36,15846,0
09:16:21,2.36,15864,0
09:16:30,2.36,16049,0
09:16:39,2.36,16359,0
09:16:48,2.36,11726,0
09:16:57,2.36,11818,0
09:17:06,2.36,11828,0
09:17:15,2.36,11878,0
09:17:24,2.36,12179,0
09:17:33,2.36,12704,0
09:17:42,2.36,11706,0
09:17:51,2.36,11728,0
09:18:00,2.36,10820,0
09:18:09,2.36,9202,0
09:18:18,2.36,8147,0
09:18:27,2.36,7185,0
09:18:36,2.36,6751,0
09:18:45,2.36,6714,0
09:18:54,2.36,6501,0
09:19:03,2.36,6652,0
09:19:12,2.36,6477,0
09:19:21,2.36,1692,0
09:19:30,2.36,1692,0
09:19:39,2.36,1697,0
09:19:48,2.36,1683,0
09:19:57,2.36,1794,0
09:20:00,2.36,1794,0
09:20:09,2.36,1799,0
09:20:18,2.36,1799,0
09:20:27,2.36,1799,0
09:20:36,2.36,1799,0
09:20:45,2.36,1846,0
09:20:54,2.36,1890,0
09:21:03,2.36,1901,0
09:21:12,2.36,1931,0
09:21:21,2.36,1934,0
09:21:30,2.36,1939,0
09:21:39,2.36,1984,0
09:21:48,2.36,2004,0
09:21:57,2.36,2024,0
09:22:06,2.36,2025,0
09:22:15,2.36,2148,0
09:22:24,2.36,2148,0
09:22:33,2.36,2228,0
09:22:42,2.36,2236,0
09:22:51,2.36,2289,0
09:23:00,2.36,2419,0
09:23:09,2.36,2441,0
09:23:18,2.36,2441,0
09:23:27,2.36,2441,0
09:23:36,2.36,2445,0
09:23:45,2.36,2447,0
09:23:54,2.36,2509,0
09:24:03,2.36,2514,0
09:24:12,2.36,2517,0
09:24:21,2.36,2800,0
09:24:30,2.36,2817,0
09:24:39,2.36,2823,0
09:24:48,2.36,2823,0
09:24:57,2.36,2837,0
09:25:00,2.36,2857,1
09:30:00,2.36,344,1
09:30:03,2.36,726,1
09:30:06,2.36,663,1
09:30:09,2.36,2,1
09:30:15,2.36,73,1
09:30:18,2.36,40,1
09:30:30,2.36,5,1
09:30:33,2.36,3,1
09:30:36,2.36,3,1
09:30:42,2.36,40,1
09:30:54,2.36,31,1
09:30:57,2.36,10,1
09:31:09,2.36,10,1
09:31:15,2.36,40,1
09:31:27,2.36,1,1
09:31:36,2.36,23,1
09:31:39,2.36,101,1
09:31:42,2.36,100,1
09:31:51,2.36,1,1
09:31:54,2.36,1,1
09:32:03,2.36,7,1
09:32:09,2.36,3,1
09:32:21,2.36,4,1
09:32:24,2.36,27,1
09:32:30,2.36,5,1
09:32:39,2.36,10,1
09:32:42,2.36,43,1
09:32:48,2.36,10,1
09:33:03,2.36,2,1
09:33:15,2.36,10,1
09:33:27,2.36,1,1
09:33:30,2.36,1,1
09:33:33,2.36,57,1
09:33:39,2.36,14,1
09:33:42,2.36,10,1
09:33:51,2.36,4,1
09:33:54,2.36,20,1
09:34:03,2.36,7,1
09:34:06,2.36,5,1
09:34:09,2.36,47,1
09:34:12,2.36,1,1
09:34:15,2.36,30,1
09:34:18,2.36,70,1
09:34:21,2.36,5,1
09:34:33,2.36,200,1
09:34:48,2.36,1,1
09:34:57,2.36,100,1
09:35:03,2.36,16,1
09:35:12,2.36,11,1
09:35:18,2.36,2,1
09:35:21,2.36,24,1
09:35:24,2.36,2,1
09:35:42,2.36,15,1
09:35:45,2.36,16,1
09:35:48,2.36,71,1
09:35:54,2.36,1,1
09:36:03,2.36,3,1
09:36:15,2.36,2,1
09:36:27,2.36,10,1
09:36:33,2.36,5,1
09:36:39,2.36,5,1
09:36:54,2.36,31,1
09:36:57,2.36,2,1
09:37:06,2.36,9,1
09:37:09,2.36,5,1
09:37:12,2.36,23,1
09:37:18,2.36,8,1
09:37:36,2.36,2,1
09:37:45,2.36,1,1
09:37:51,2.36,3,1
09:37:54,2.36,43,1
09:38:00,2.36,1,1
09:38:06,2.36,1,1
09:38:18,2.36,2,1
09:38:24,2.36,8,1
09:38:45,2.36,4,1
09:38:48,2.36,80,1
09:39:00,2.36,42,1
09:39:06,2.36,1,1
09:39:21,2.36,1,1
09:39:24,2.36,13,1
09:39:27,2.36,24,1
09:39:30,2.36,34,1
09:39:33,2.36,5,1
09:39:42,2.36,1,1
09:39:51,2.36,1,1
09:39:54,2.36,1,1
09:40:00,2.36,1,1
09:40:09,2.36,1,1
09:40:36,2.36,1,1
09:40:54,2.36,10,1
09:41:21,2.36,14,1
09:41:36,2.36,8,1
09:41:39,2.36,50,1
09:41:57,2.36,4,1
09:42:06,2.36,10,1
09:42:09,2.36,3,1
09:42:39,2.36,10,1
09:42:42,2.36,2,1
09:42:54,2.36,10,1
09:43:12,2.36,24,1
09:43:27,2.36,3,1
09:43:48,2.36,26,1
09:44:00,2.36,74,1
09:44:21,2.36,2,1
09:44:24,2.36,3,1
09:44:27,2.36,3,1
09:44:36,2.36,2,1
09:45:09,2.36,10,1
09:45:15,2.36,5,1
09:45:27,2.36,2,1
09:45:33,2.36,1,1
09:45:42,2.36,6,1
09:46:03,2.36,2,1
09:46:15,2.36,1,1
09:46:24,2.36,2,1
09:46:36,2.36,20,1
09:46:39,2.36,9,1
09:46:48,2.36,50,1
09:46:51,2.36,4,1
09:46:54,2.36,50,1
09:47:03,2.36,1,1
09:47:12,2.36,5,1
09:47:24,2.36,1,1
09:47:36,2.36,10,1
09:47:45,2.36,1,1
09:48:00,2.36,282,1
09:48:09,2.36,200,1
09:48:21,2.36,2,1
09:48:36,2.36,5,1
09:48:45,2.36,3,1
09:48:57,2.36,48,1
09:49:09,2.36,43,1
09:49:18,2.36,1,1
09:49:33,2.36,134,1
09:50:00,2.36,1,1
09:50:12,2.36,1,1
09:50:33,2.36,53,1
09:50:39,2.36,4,1
09:50:48,2.36,20,1
09:51:00,2.36,10,1
09:51:03,2.36,7,1
09:51:18,2.36,37,1
09:51:54,2.36,53,1
09:51:57,2.36,1,1
09:52:00,2.36,20,1
09:52:15,2.36,8,1
09:52:18,2.36,10,1
09:53:00,2.36,3,1
09:54:27,2.36,1,1
09:55:09,2.36,3,1
09:55:12,2.36,2,1
09:55:24,2.36,6,1
09:55:51,2.36,15,1
09:56:18,2.36,1,1
09:57:12,2.36,3,1
09:57:24,2.36,55,1
09:57:39,2.36,5,1
09:57:42,2.36,25,1
09:57:45,2.36,13,1
09:57:54,2.36,5,1
09:58:03,2.36,5,1
09:58:06,2.36,3,1
09:58:18,2.36,4,1
09:58:36,2.36,10,1
09:58:42,2.36,23,1
09:58:48,2.36,2,1
09:58:51,2.36,2,1
09:59:00,2.36,6,1
09:59:09,2.36,2,1
09:59:18,2.36,1,1
10:00:03,2.36,4,1
10:00:09,2.36,5,1
10:00:12,2.36,100,1
10:00:15,2.36,10,1
10:00:21,2.36,1000,1
10:00:36,2.36,2,1
10:00:42,2.36,22,1
10:00:51,2.36,17,1
10:00:57,2.36,50,1
10:01:09,2.36,50,1
10:01:12,2.36,7,1
10:01:27,2.36,16,1
10:01:39,2.36,10,1
10:01:42,2.36,114,1
10:01:48,2.36,7,1
10:01:51,2.36,8,1
10:02:09,2.36,9,1
10:02:18,2.36,14,1
10:02:27,2.36,3,1
10:02:30,2.36,24,1
10:02:51,2.36,1,1
10:02:57,2.36,6,1
10:03:33,2.36,4,1
10:03:51,2.36,71,1
10:04:03,2.36,10,1
10:04:06,2.36,3,1
10:04:18,2.36,5,1
10:04:21,2.36,10,1
10:04:24,2.36,10,1
10:04:36,2.36,1,1
10:05:21,2.36,7,1
10:05:36,2.36,1,1
10:05:42,2.36,21,1
10:05:51,2.36,5,1
10:06:18,2.36,10,1
10:06:39,2.36,1,1
10:06:45,2.36,22,1
10:06:54,2.36,2,1
10:06:57,2.36,21,1
10:07:18,2.36,1,1
10:07:33,2.36,21,1
10:07:48,2.36,16,1
10:07:51,2.36,2,1
10:07:54,2.36,2,1
10:08:00,2.36,14,1
10:08:03,2.36,1,1
10:08:12,2.36,52,1
10:08:24,2.36,1,1
10:08:27,2.36,43,1
10:08:30,2.36,128,1
10:08:45,2.36,2,1
10:08:54,2.36,1,1
10:09:00,2.36,110,1
10:09:09,2.36,3,1
10:09:12,2.36,35,1
10:09:15,2.36,3,1
10:09:21,2.36,42,1
10:09:24,2.36,9,1
10:09:39,2.36,25,1
10:10:09,2.36,40,1
10:10:27,2.36,2,1
10:10:33,2.36,329,1
10:10:36,2.36,2,1
10:10:48,2.36,20,1
10:10:54,2.36,4,1
10:10:57,2.36,2,1
10:11:06,2.36,43,1
10:11:09,2.36,40,1
10:11:12,2.36,200,1
10:11:15,2.36,533,1
10:11:27,2.36,46,1
10:11:30,2.36,245,1
10:11:33,2.36,4,1
10:11:36,2.36,4,1
10:11:42,2.36,3,1
10:11:51,2.36,70,1
10:11:57,2.36,21,1
10:12:00,2.36,15,1
10:12:03,2.36,16,1
10:12:06,2.36,29,1
10:12:09,2.36,1,1
10:12:12,2.36,8,1
10:12:15,2.36,10,1
10:12:18,2.36,16,1
10:12:24,2.36,6,1
10:12:30,2.36,52,1
10:12:36,2.36,32,1
10:12:42,2.36,1,1
10:12:48,2.36,50,1
10:12:54,2.36,4,1
10:12:57,2.36,1,1
10:13:00,2.36,58,1
10:13:06,2.36,10,1
10:13:12,2.36,1,1
10:13:15,2.36,5,1
10:13:21,2.36,8,1
10:13:27,2.36,7,1
10:13:57,2.36,2,1
10:14:03,2.36,37,1
10:14:09,2.36,6,1
10:14:12,2.36,10,1
10:14:21,2.36,10,1
10:14:33,2.36,1,1
10:14:36,2.36,1,1
10:14:42,2.36,2,1
10:14:57,2.36,14,1
10:15:00,2.36,45,1
10:15:09,2.36,59,1
10:15:33,2.36,10,1
10:15:51,2.36,1,1
10:15:57,2.36,1,1
10:16:00,2.36,60,1
10:17:00,2.36,29,1
10:17:15,2.36,38,1
10:17:18,2.36,70,1
10:17:24,2.36,2,1
10:17:30,2.36,2,1
10:17:42,2.36,100,1
10:17:48,2.36,6,1
10:18:15,2.36,10,1
10:18:42,2.36,7,1
10:18:54,2.36,20,1
10:19:00,2.36,1,1
10:19:03,2.36,3,1
10:19:09,2.36,2,1
10:19:12,2.36,12,1
10:19:15,2.36,2,1
10:19:21,2.36,4,1
10:19:39,2.36,3,1
10:19:42,2.36,4,1
10:19:48,2.36,5,1
10:19:54,2.36,1,1
10:20:03,2.36,1,1
10:20:21,2.36,42,1
10:20:36,2.36,1,1
10:20:39,2.36,14,1
10:20:42,2.36,50,1
10:20:54,2.36,50,1
10:21:21,2.36,20,1
10:21:24,2.36,5,1
10:21:33,2.36,3,1
10:21:36,2.36,69,1
10:22:03,2.36,1,1
10:22:09,2.36,50,1
10:22:27,2.36,170,1
10:22:30,2.36,20,1
10:22:48,2.36,25,1
10:23:03,2.36,5,1
10:23:15,2.36,20,1
10:23:18,2.36,1,1
10:23:24,2.36,10,1
10:23:27,2.36,10,1
10:23:33,2.36,10,1
10:23:39,2.36,2,1
10:24:03,2.36,20,1
10:24:09,2.36,60,1
10:24:21,2.36,95,1
10:24:30,2.36,1,1
10:24:39,2.36,2,1
10:25:12,2.36,1,1
10:25:36,2.36,20,1
10:25:57,2.36,6,1
10:26:18,2.36,5,1
10:26:42,2.36,2,1
10:26:48,2.36,50,1
10:27:15,2.36,23,1
10:28:09,2.36,1,1
10:28:12,2.36,5,1
10:28:15,2.36,42,1
10:28:33,2.36,1,1
10:28:45,2.36,16,1
10:28:54,2.36,20,1
10:29:09,2.36,45,1
10:29:12,2.36,1,1
10:29:45,2.36,1,1
10:30:00,2.36,1,1
10:30:18,2.36,1,1
10:31:21,2.36,4,1
10:31:57,2.36,1,1
10:32:03,2.36,2,1
10:32:06,2.36,1,1
10:32:12,2.36,43,1
10:33:15,2.36,1,1
10:33:24,2.36,42,1
10:33:30,2.36,5,1
10:34:42,2.36,4,1
10:34:54,2.36,1,1
10:35:27,2.36,76,1
10:35:42,2.36,2,1
10:37:03,2.36,1,1
10:37:06,2.36,15,1
10:37:18,2.36,3,1
10:38:00,2.36,2,1
10:38:06,2.36,5,1
10:38:15,2.36,1,1
10:38:27,2.36,5,1
10:38:51,2.36,4,1
10:38:54,2.36,5,1
10:40:42,2.36,1,1
10:41:42,2.36,8,1
10:41:51,2.36,20,1
10:42:06,2.36,1,1
10:42:15,2.36,1,1
10:42:18,2.36,4,1
10:42:57,2.36,20,1
10:43:39,2.36,2,1
10:43:51,2.36,8,1
10:45:33,2.36,865,1
10:46:09,2.36,295,1
10:46:18,2.36,6,1
10:46:30,2.36,2,1
10:46:36,2.36,1,1
10:46:45,2.36,4,1
10:46:51,2.36,4,1
10:48:42,2.36,17,1
10:49:15,2.36,53,1
10:49:33,2.36,3,1
10:49:54,2.36,5,1
10:50:00,2.36,2,1
10:50:06,2.36,3,1
10:50:21,2.36,17,1
10:50:27,2.36,13,1
10:50:39,2.36,5,1
10:51:48,2.36,6,1
10:52:12,2.36,3,1
10:52:24,2.36,305,1
10:52:36,2.36,5,1
10:52:54,2.36,2,1
10:53:00,2.36,5,1
10:53:06,2.36,203,1
10:53:21,2.36,9,1
10:53:27,2.36,4,1
10:53:48,2.36,20,1
10:53:54,2.36,1,1
10:54:00,2.36,1,1
10:54:21,2.36,150,1
10:54:39,2.36,4,1
10:55:00,2.36,36,1
10:55:03,2.36,24,1
10:55:12,2.36,70,1
10:55:18,2.36,23,1
10:55:21,2.36,2,1
10:55:24,2.36,24,1
10:55:27,2.36,1,1
10:55:39,2.36,30,1
10:55:42,2.36,2,1
10:55:48,2.36,5,1
10:55:57,2.36,23,1
10:56:03,2.36,5,1
10:56:06,2.36,5,1
10:56:12,2.36,1,1
10:56:24,2.36,3,1
10:56:30,2.36,210,1
10:56:42,2.36,101,1
10:56:54,2.36,1,1
10:57:00,2.36,35,1
10:57:03,2.36,1,1
10:57:15,2.36,1,1
10:57:21,2.36,18,1
10:57:27,2.36,4,1
10:57:33,2.36,1,1
10:57:42,2.36,3,1
10:57:54,2.36,45,1
10:58:00,2.36,8,1
10:58:15,2.36,1,1
10:58:36,2.36,3,1
10:58:39,2.36,22,1
10:58:51,2.36,13,1
10:58:57,2.36,42,1
10:59:09,2.36,9,1
10:59:15,2.36,12,1
10:59:18,2.36,14,1
10:59:21,2.36,30,1
10:59:24,2.36,1,1
10:59:45,2.36,22,1
10:59:48,2.36,18,1
10:59:51,2.36,5,1
10:59:54,2.36,1,1
10:59:57,2.36,2,1
11:00:06,2.36,22,1
11:00:30,2.36,1,1
11:00:45,2.36,26,1
11:01:12,2.36,5,1
11:01:21,2.36,1,1
11:02:00,2.36,9,1
11:03:00,2.36,3,1
11:03:12,2.36,1,1
11:03:15,2.36,22,1
11:04:03,2.36,6,1
11:04:06,2.36,1,1
11:04:24,2.36,38,1
11:05:21,2.36,9,1
11:05:39,2.36,5,1
11:06:12,2.36,20,1
11:06:48,2.36,5,1
11:08:12,2.36,1,1
11:08:15,2.36,22,1
11:08:21,2.36,19,1
11:10:21,2.36,2,1
11:11:57,2.36,1,1
11:12:06,2.36,10,1
11:12:21,2.36,4,1
11:12:42,2.36,5,1
11:14:09,2.36,5,1
11:14:36,2.36,2,1
11:15:09,2.36,268,1
11:15:27,2.36,10,1
11:15:33,2.36,5,1
11:15:54,2.36,1,1
11:17:36,2.36,1,1
11:18:24,2.36,2,1
11:18:48,2.36,85,1
11:20:27,2.36,3,1
11:20:33,2.36,2,1
11:21:30,2.36,2,1
11:22:03,2.36,2,1
11:22:51,2.36,7,1
11:23:54,2.36,2,1
11:24:15,2.36,1,1
11:24:30,2.36,1,1
11:25:30,2.36,25,1
11:26:27,2.36,10,1
11:27:18,2.36,8,1
11:27:27,2.36,28,1
13:00:00,2.36,4,1
13:00:03,2.36,262,1
13:00:39,2.36,7,1
13:01:48,2.36,28,1
13:02:06,2.36,65,1
13:02:39,2.36,4,1
13:03:12,2.36,41,1
13:03:54,2.36,22,1
13:04:21,2.36,2,1
13:04:24,2.36,20,1
13:04:54,2.36,44,1
13:05:12,2.36,9,1
13:05:27,2.36,16,1
13:05:30,2.36,20,1
13:06:09,2.36,5,1
13:06:42,2.36,1,1
13:07:15,2.36,17,1
13:07:24,2.36,5,1
13:07:30,2.36,18,1
13:07:57,2.36,13,1
13:09:12,2.36,2,1
13:09:54,2.36,8,1
13:10:09,2.36,1,1
13:10:33,2.36,54,1
13:10:54,2.36,99,1
13:11:24,2.36,1,1
13:11:57,2.36,10,1
13:12:51,2.36,1,1
13:12:54,2.36,1,1
13:13:09,2.36,9,1
13:13:15,2.36,91,1
13:13:24,2.36,2,1
13:13:42,2.36,20,1
13:14:48,2.36,1,1
13:14:51,2.36,4,1
13:15:15,2.36,25,1
13:16:39,2.36,30,1
13:18:00,2.36,20,1
13:19:45,2.36,34,1
13:21:15,2.36,2,1
13:21:21,2.36,17,1
13:23:21,2.36,1,1
13:23:27,2.36,5,1
13:23:45,2.36,2,1
13:23:48,2.36,200,1
13:25:15,2.36,6,1
13:25:24,2.36,8,1
13:25:36,2.36,28,1
13:26:12,2.36,18,1
13:26:15,2.36,1,1
13:28:39,2.36,10,1
13:29:09,2.36,1,1
13:32:06,2.36,2,1
13:33:06,2.36,6,1
13:33:09,2.36,3,1
13:33:15,2.36,1,1
13:34:06,2.36,1,1
13:34:15,2.36,1,1
13:35:21,2.36,1,1
13:35:45,2.36,8,1
13:37:21,2.36,2,1
13:37:24,2.36,2,1
13:37:45,2.36,5,1
13:38:33,2.36,5,1
13:38:39,2.36,4,1
13:39:09,2.36,3,1
13:39:12,2.36,2,1
13:40:03,2.36,30,1
13:40:54,2.36,2,1
13:41:57,2.36,2,1
13:42:30,2.36,2,1
13:42:42,2.36,1,1
13:42:48,2.36,2,1
13:43:00,2.36,7,1
13:43:21,2.36,5,1
13:44:03,2.36,5,1
13:47:21,2.36,1,1
13:48:27,2.36,29,1
13:48:57,2.36,2,1
13:49:18,2.36,8,1
13:50:45,2.36,2,1
13:51:03,2.36,4,1
13:51:39,2.36,1,1
13:51:51,2.36,2,1
13:52:15,2.36,2,1
13:52:27,2.36,4,1
13:52:48,2.36,2,1
13:53:54,2.36,5,1
13:55:30,2.36,1,1
13:57:00,2.36,20,1
13:57:39,2.36,17,1
13:58:03,2.36,3,1
13:59:06,2.36,5,1
13:59:33,2.36,18,1
14:00:12,2.36,5,1
14:00:30,2.36,22,1
14:01:00,2.36,4,1
14:01:57,2.36,1,1
14:02:03,2.36,1,1
14:05:18,2.36,3,1
14:05:21,2.36,4,1
14:06:21,2.36,7,1
14:06:36,2.36,30,1
14:07:27,2.36,1,1
14:07:42,2.36,4,1
14:08:00,2.36,1,1
14:08:03,2.36,1,1
14:08:15,2.36,20,1
14:08:21,2.36,4,1
14:08:27,2.36,10,1
14:10:03,2.36,5,1
14:11:03,2.36,5,1
14:11:21,2.36,3,1
14:11:27,2.36,1,1
14:12:00,2.36,6,1
14:12:03,2.36,2,1
14:12:33,2.36,4,1
14:12:45,2.36,2,1
14:13:12,2.36,1,1
14:14:54,2.36,3,1
14:15:18,2.36,2,1
14:16:12,2.36,1,1
14:16:21,2.36,4,1
14:16:45,2.36,5,1
14:16:54,2.36,1,1
14:18:51,2.36,100,1
14:19:00,2.36,6,1
14:20:36,2.36,9,1
14:20:51,2.36,1,1
14:21:15,2.36,1,1
14:23:21,2.36,1,1
14:24:03,2.36,3,1
14:24:48,2.36,17,1
14:26:15,2.36,1,1
14:26:42,2.36,6,1
14:27:06,2.36,10,1
14:27:21,2.36,10,1
14:27:57,2.36,2,1
14:29:57,2.36,1,1
14:30:12,2.36,5,1
14:30:15,2.36,5,1
14:31:45,2.36,1,1
14:32:06,2.36,1,1
14:32:33,2.36,2,1
14:32:54,2.36,1,1
14:33:21,2.36,96,1
14:34:39,2.36,1,1
14:35:42,2.36,10,1
14:37:00,2.36,1,1
14:37:54,2.36,8,1
14:37:57,2.36,11,1
14:38:15,2.36,1,1
14:40:48,2.36,5,1
14:42:15,2.36,4,1
14:43:24,2.36,3,1
14:44:09,2.36,3,1
14:44:15,2.36,1,1
14:44:18,2.36,1,1
14:45:03,2.36,238,1
14:45:24,2.36,9,1
14:45:33,2.36,1,1
14:45:57,2.36,5,1
14:46:39,2.36,1,1
14:46:54,2.36,215,1
14:48:00,2.36,20,1
14:48:21,2.36,1,1
14:49:42,2.36,100,1
14:49:54,2.36,29,1
14:50:24,2.36,34,1
14:50:27,2.36,4,1
14:50:42,2.36,1,1
14:50:45,2.36,100,1
14:51:27,2.36,18,1
14:51:36,2.36,1,1
14:52:00,2.36,10,1
14:52:03,2.36,9,1
14:52:06,2.36,8,1
14:52:09,2.36,7,1
14:52:39,2.36,17,1
14:53:45,2.36,9,1
14:54:00,2.36,2,1
14:54:24,2.36,1,1
14:54:51,2.36,37,1
14:54:57,2.36,500,1
14:55:30,2.36,1,1
14:55:33,2.36,5,1
14:55:57,2.36,7,1
14:56:00,2.36,1,1
14:56:15,2.36,3,1
14:56:18,2.36,4,1
14:56:21,2.36,315,1
14:56:36,2.36,10,1
14:56:51,2.36,1,1
14:56:57,2.36,2,1
15:00:00,2.36,208,1
