时间,成交价,手数,买卖盘性质
09:15:00,2.02,6053,0
09:15:09,2.02,16836,0
09:15:18,2.02,16866,0
09:15:27,2.02,16973,0
09:15:36,2.02,24713,0
09:15:45,2.02,24875,0
09:15:54,2.02,24575,0
09:16:03,2.02,23725,0
09:16:12,2.02,23722,0
09:16:21,2.02,23951,0
09:16:30,2.02,23974,0
09:16:39,2.02,24229,0
09:16:48,2.02,23197,0
09:16:57,2.02,23256,0
09:17:06,2.02,23244,0
09:17:15,2.02,23532,0
09:17:24,2.02,23725,0
09:17:33,2.02,23731,0
09:17:42,2.02,23714,0
09:17:51,2.02,23782,0
09:18:00,2.02,17216,0
09:18:09,2.02,17367,0
09:18:18,2.02,17371,0
09:18:27,2.02,15258,0
09:18:36,2.02,14976,0
09:18:45,2.02,14875,0
09:18:54,2.02,14721,0
09:19:03,2.02,14566,0
09:19:12,2.02,14660,0
09:19:21,2.02,14709,0
09:19:30,2.02,9824,0
09:19:39,2.02,9844,0
09:19:48,2.02,4966,0
09:19:57,2.02,4763,0
09:20:00,2.02,4715,0
09:20:09,2.02,4820,0
09:20:18,2.02,4850,0
09:20:27,2.02,4883,0
09:20:36,2.02,4984,0
09:20:45,2.02,5426,0
09:20:54,2.02,5582,0
09:21:03,2.02,5614,0
09:21:12,2.02,5639,0
09:21:21,2.02,5662,0
09:21:30,2.02,5700,0
09:21:39,2.02,5784,0
09:21:48,2.02,6054,0
09:21:57,2.02,6147,0
09:22:06,2.02,6164,0
09:22:15,2.02,6248,0
09:22:24,2.02,6280,0
09:22:33,2.02,6357,0
09:22:42,2.02,6706,0
09:22:51,2.02,6943,0
09:23:00,2.02,7134,0
09:23:09,2.02,7176,0
09:23:18,2.02,7267,0
09:23:27,2.02,7277,0
09:23:36,2.02,7400,0
09:23:45,2.02,7702,0
09:23:54,2.02,7800,0
09:24:03,2.02,7814,0
09:24:12,2.02,7875,0
09:24:21,2.02,7901,0
09:24:30,2.02,8362,0
09:24:39,2.02,8429,0
09:24:48,2.02,8603,0
09:24:57,2.02,8647,0
09:25:00,2.02,8866,1
09:30:00,2.02,748,1
09:30:03,2.02,2717,1
09:30:06,2.02,439,1
09:30:09,2.02,44,1
09:30:12,2.02,24,1
09:30:15,2.02,351,1
09:30:18,2.02,11,1
09:30:21,2.02,12,1
09:30:24,2.02,420,1
09:30:27,2.02,244,1
09:30:30,2.02,135,1
09:30:36,2.02,5,1
09:30:39,2.02,31,1
09:30:45,2.02,36,1
09:30:48,2.02,16,1
09:30:51,2.02,78,1
09:30:54,2.02,25,1
09:31:00,2.02,177,1
09:31:03,2.02,30,1
09:31:06,2.02,10,1
09:31:09,2.02,20,1
09:31:12,2.02,97,1
09:31:15,2.02,20,1
09:31:18,2.02,72,1
09:31:24,2.02,332,1
09:31:27,2.02,155,1
09:31:30,2.02,3,1
09:31:33,2.02,4,1
09:31:36,2.02,191,1
09:31:39,2.02,20,1
09:31:45,2.02,31,1
09:31:51,2.02,72,1
09:31:54,2.02,8,1
09:31:57,2.02,21,1
09:32:03,2.02,802,1
09:32:06,2.02,2,1
09:32:12,2.02,101,1
09:32:24,2.02,14,1
09:32:27,2.02,36,1
09:32:33,2.02,31,1
09:32:36,2.02,10,1
09:32:42,2.02,20,1
09:32:48,2.02,31,1
09:32:54,2.02,2,1
09:32:57,2.02,3,1
09:33:00,2.02,209,1
09:33:03,2.02,20,1
09:33:06,2.02,5,1
09:33:09,2.02,1,1
09:33:15,2.02,5,1
09:33:18,2.02,1,1
09:33:30,2.02,8,1
09:33:36,2.02,1,1
09:33:39,2.02,59,1
09:33:42,2.02,72,1
09:33:45,2.02,10,1
09:33:57,2.02,3,1
09:34:00,2.02,58,1
09:34:03,2.02,1,1
09:34:15,2.02,100,1
09:34:18,2.02,621,1
09:34:21,2.02,44,1
09:34:24,2.02,25,1
09:34:33,2.02,2,1
09:34:39,2.02,2,1
09:34:42,2.02,20,1
09:34:48,2.02,2,1
09:34:51,2.02,1,1
09:34:54,2.02,1,1
09:34:57,2.02,2,1
09:35:06,2.02,9,1
09:35:09,2.02,2,1
09:35:15,2.02,14,1
09:35:18,2.02,19,1
09:35:21,2.02,2,1
09:35:33,2.02,3,1
09:35:36,2.02,1,1
09:35:42,2.02,2,1
09:35:48,2.02,2,1
09:35:54,2.02,211,1
09:35:57,2.02,23,1
09:36:00,2.02,10,1
09:36:03,2.02,3,1
09:36:06,2.02,24,1
09:36:09,2.02,52,1
09:36:12,2.02,6,1
09:36:15,2.02,11,1
09:36:18,2.02,1,1
09:36:21,2.02,201,1
09:36:24,2.02,123,1
09:36:27,2.02,12,1
09:36:30,2.02,95,1
09:36:33,2.02,9,1
09:36:39,2.02,55,1
09:36:42,2.02,25,1
09:36:48,2.02,15,1
09:36:51,2.02,5,1
09:37:03,2.02,5,1
09:37:12,2.02,1,1
09:37:15,2.02,9,1
09:37:18,2.02,1,1
09:37:27,2.02,62,1
09:37:30,2.02,5,1
09:37:33,2.02,1,1
09:37:36,2.02,1,1
09:37:39,2.02,4,1
09:37:42,2.02,20,1
09:37:45,2.02,10,1
09:37:48,2.02,3,1
09:37:54,2.02,2,1
09:37:57,2.02,35,1
09:38:00,2.02,250,1
09:38:09,2.02,3,1
09:38:21,2.02,6,1
09:38:24,2.02,2,1
09:38:33,2.02,1,1
09:38:36,2.02,37,1
09:38:42,2.02,50,1
09:38:45,2.02,10,1
09:38:48,2.02,10,1
09:39:00,2.02,50,1
09:39:09,2.02,5,1
09:39:24,2.02,2,1
09:39:39,2.02,4,1
09:39:48,2.02,2,1
09:39:51,2.02,64,1
09:39:57,2.02,18,1
09:40:03,2.02,6,1
09:40:06,2.02,2,1
09:40:15,2.02,13,1
09:40:21,2.02,1,1
09:40:36,2.02,58,1
09:40:51,2.02,76,1
09:40:54,2.02,18,1
09:41:00,2.02,10,1
09:41:06,2.02,11,1
09:41:09,2.02,3,1
09:41:18,2.02,1,1
09:41:21,2.02,11,1
09:41:24,2.02,40,1
09:41:27,2.02,29,1
09:41:30,2.02,3,1
09:41:33,2.02,11,1
09:41:36,2.02,70,1
09:41:39,2.02,7,1
09:41:48,2.02,5,1
09:41:51,2.02,10,1
09:41:57,2.02,2,1
09:42:00,2.02,9,1
09:42:03,2.02,5,1
09:42:12,2.02,3,1
09:42:15,2.02,65,1
09:42:21,2.02,3,1
09:42:24,2.02,4,1
09:42:27,2.02,100,1
09:42:36,2.02,7,1
09:42:48,2.02,5,1
09:42:51,2.02,1,1
09:42:57,2.02,50,1
09:43:00,2.02,4,1
09:43:06,2.02,263,1
09:43:12,2.02,11,1
09:43:18,2.02,5,1
09:43:21,2.02,20,1
09:43:27,2.02,4,1
09:43:39,2.02,164,1
09:43:45,2.02,5,1
09:43:54,2.02,50,1
09:43:57,2.02,5,1
09:44:06,2.02,3,1
09:44:09,2.02,3,1
09:44:12,2.02,20,1
09:44:18,2.02,3,1
09:44:33,2.02,1,1
09:44:36,2.02,1,1
09:44:42,2.02,7,1
09:44:45,2.02,1,1
09:44:48,2.02,15,1
09:44:51,2.02,1,1
09:44:57,2.02,50,1
09:45:00,2.02,10,1
09:45:06,2.02,15,1
09:45:09,2.02,12,1
09:45:12,2.02,45,1
09:45:21,2.02,5,1
09:45:33,2.02,3,1
09:45:42,2.02,15,1
09:45:54,2.02,101,1
09:45:57,2.02,2,1
09:46:00,2.02,1,1
09:46:09,2.02,6,1
09:46:18,2.02,10,1
09:46:36,2.02,20,1
09:46:57,2.02,20,1
09:47:00,2.02,329,1
09:47:06,2.02,10,1
09:47:09,2.02,3,1
09:47:18,2.02,1,1
09:47:30,2.02,3,1
09:47:39,2.02,1,1
09:47:42,2.02,1,1
09:47:57,2.02,24,1
09:48:09,2.02,55,1
09:48:15,2.02,4,1
09:48:18,2.02,3,1
09:48:21,2.02,10,1
09:48:24,2.02,10,1
09:48:27,2.02,100,1
09:48:48,2.02,5,1
09:48:51,2.02,3,1
09:48:54,2.02,1,1
09:49:03,2.02,59,1
09:49:09,2.02,57,1
09:49:12,2.02,2,1
09:49:39,2.02,628,1
09:49:45,2.02,58,1
09:49:51,2.02,13,1
09:50:00,2.02,2,1
09:50:12,2.02,26,1
09:50:15,2.02,80,1
09:50:21,2.02,51,1
09:50:24,2.02,4,1
09:50:42,2.02,40,1
09:50:45,2.02,2,1
09:50:54,2.02,10,1
09:51:00,2.02,9,1
09:51:03,2.02,6,1
09:51:06,2.02,42,1
09:51:15,2.02,274,1
09:51:24,2.02,11,1
09:51:48,2.02,1,1
09:51:57,2.02,1,1
09:52:00,2.02,10,1
09:52:06,2.02,200,1
09:52:12,2.02,3,1
09:52:33,2.02,50,1
09:52:57,2.02,10,1
09:53:18,2.02,50,1
09:53:21,2.02,1,1
09:53:39,2.02,100,1
09:53:42,2.02,1,1
09:53:51,2.02,5,1
09:54:00,2.02,26,1
09:54:09,2.02,2,1
09:54:18,2.02,5,1
09:54:24,2.02,15,1
09:54:27,2.02,6,1
09:54:51,2.02,6,1
09:55:03,2.02,5,1
09:55:09,2.02,1,1
09:55:15,2.02,5,1
09:55:24,2.02,3,1
09:55:27,2.02,5,1
09:55:30,2.02,25,1
09:55:33,2.02,10,1
09:55:48,2.02,7,1
09:55:54,2.02,10,1
09:56:12,2.02,7,1
09:56:18,2.02,2,1
09:56:24,2.02,4,1
09:56:30,2.02,5,1
09:56:33,2.02,39,1
09:56:36,2.02,2,1
09:56:54,2.02,272,1
09:57:03,2.02,3,1
09:57:24,2.02,9,1
09:57:33,2.02,42,1
09:57:36,2.02,2,1
09:57:48,2.02,4,1
09:57:57,2.02,57,1
09:58:00,2.02,45,1
09:58:06,2.02,5,1
09:58:24,2.02,3,1
09:58:42,2.02,25,1
09:59:03,2.02,1,1
09:59:33,2.02,1,1
10:00:09,2.02,30,1
10:00:15,2.02,103,1
10:00:36,2.02,5,1
10:01:12,2.02,2,1
10:01:18,2.02,50,1
10:01:33,2.02,1,1
10:01:45,2.02,2,1
10:02:00,2.02,342,1
10:02:15,2.02,16,1
10:02:27,2.02,42,1
10:02:33,2.02,100,1
10:02:36,2.02,1,1
10:02:45,2.02,100,1
10:02:57,2.02,3,1
10:03:51,2.02,26,1
10:04:27,2.02,1,1
10:04:39,2.02,6,1
10:04:48,2.02,15,1
10:04:51,2.02,10,1
10:04:54,2.02,3,1
10:04:57,2.02,5,1
10:05:03,2.02,1,1
10:05:15,2.02,20,1
10:05:27,2.02,1,1
10:05:48,2.02,1,1
10:06:00,2.02,1,1
10:06:15,2.02,2,1
10:06:33,2.02,225,1
10:06:51,2.02,1,1
10:07:12,2.02,18,1
10:07:27,2.02,1,1
10:07:33,2.02,8,1
10:07:54,2.02,2,1
10:07:57,2.02,50,1
10:08:12,2.02,24,1
10:08:21,2.02,5,1
10:08:48,2.02,1,1
10:09:18,2.02,31,1
10:10:12,2.02,2,1
10:10:33,2.02,16,1
10:10:48,2.02,1,1
10:11:00,2.02,1,1
10:11:36,2.02,5,1
10:11:48,2.02,22,1
10:11:57,2.02,2,1
10:12:30,2.02,7,1
10:12:36,2.02,5,1
10:12:54,2.02,2,1
10:12:57,2.02,19,1
10:13:12,2.02,3,1
10:13:21,2.02,34,1
10:13:33,2.02,1,1
10:13:42,2.02,47,1
10:13:48,2.02,2,1
10:13:51,2.02,2,1
10:13:54,2.02,15,1
10:14:15,2.02,10,1
10:14:45,2.02,48,1
10:15:39,2.02,1,1
10:15:42,2.02,1,1
10:15:57,2.02,4,1
10:16:24,2.02,2,1
10:16:39,2.02,1,1
10:16:45,2.02,180,1
10:17:33,2.02,40,1
10:18:00,2.02,16,1
10:19:00,2.02,5,1
10:19:06,2.02,1,1
10:19:18,2.02,6,1
10:20:00,2.02,2,1
10:20:12,2.02,2,1
10:20:30,2.02,10,1
10:21:06,2.02,1,1
10:21:15,2.02,20,1
10:21:27,2.02,1,1
10:21:42,2.02,2,1
10:22:27,2.02,1,1
10:22:33,2.02,5,1
10:22:45,2.02,1,1
10:22:51,2.02,221,1
10:22:57,2.02,2,1
10:23:00,2.02,2,1
10:23:18,2.02,6,1
10:23:51,2.02,31,1
10:24:09,2.02,10,1
10:24:27,2.02,23,1
10:24:42,2.02,10,1
10:24:45,2.02,1,1
10:24:54,2.02,4,1
10:25:09,2.02,45,1
10:25:12,2.02,2,1
10:25:18,2.02,3,1
10:25:42,2.02,1,1
10:26:06,2.02,10,1
10:26:12,2.02,5,1
10:26:33,2.02,4,1
10:26:54,2.02,10,1
10:27:18,2.02,5,1
10:27:36,2.02,3,1
10:28:06,2.02,2,1
10:28:21,2.02,1,1
10:28:42,2.02,10,1
10:29:54,2.02,1,1
10:30:12,2.02,6,1
10:30:27,2.02,2,1
10:30:42,2.02,3,1
10:31:09,2.02,1,1
10:31:39,2.02,1,1
10:31:42,2.02,1,1
10:31:45,2.02,42,1
10:31:54,2.02,8,1
10:32:00,2.02,2,1
10:32:03,2.02,3,1
10:32:51,2.02,20,1
10:32:54,2.02,2,1
10:33:09,2.02,17,1
10:33:15,2.02,6,1
10:33:45,2.02,5,1
10:35:06,2.02,1,1
10:35:39,2.02,1,1
10:36:36,2.02,5,1
10:36:51,2.02,1,1
10:37:27,2.02,10,1
10:37:33,2.02,5,1
10:37:39,2.02,10,1
10:38:06,2.02,217,1
10:38:24,2.02,54,1
10:38:39,2.02,16,1
10:38:51,2.02,1,1
10:39:00,2.02,43,1
10:39:39,2.02,4,1
10:39:45,2.02,10,1
10:39:48,2.02,1,1
10:40:03,2.02,6,1
10:40:09,2.02,3,1
10:40:15,2.02,1,1
10:40:18,2.02,4,1
10:40:21,2.02,1,1
10:40:24,2.02,2,1
10:40:42,2.02,5,1
10:40:51,2.02,5,1
10:40:57,2.02,11,1
10:41:03,2.02,50,1
10:41:27,2.02,4,1
10:41:42,2.02,2,1
10:41:57,2.02,10,1
10:42:12,2.02,1,1
10:42:42,2.02,10,1
10:43:03,2.02,2,1
10:43:30,2.02,5,1
10:43:33,2.02,8,1
10:44:24,2.02,55,1
10:45:06,2.02,10,1
10:45:54,2.02,2,1
10:46:00,2.02,10,1
10:46:21,2.02,11,1
10:46:27,2.02,7,1
10:48:18,2.02,8,1
10:48:21,2.02,4,1
10:48:30,2.02,50,1
10:48:33,2.02,20,1
10:48:54,2.02,1,1
10:50:15,2.02,1,1
10:50:51,2.02,6,1
10:51:03,2.02,34,1
10:51:21,2.02,5,1
10:51:27,2.02,10,1
10:52:45,2.02,33,1
10:53:03,2.02,1,1
10:53:09,2.02,100,1
10:53:45,2.02,16,1
10:54:06,2.02,1,1
10:54:57,2.02,50,1
10:55:18,2.02,54,1
10:55:42,2.02,1,1
10:56:06,2.02,4,1
10:56:18,2.02,1,1
10:57:39,2.02,1000,1
10:57:48,2.02,39,1
10:59:00,2.02,1,1
10:59:30,2.02,1,1
10:59:51,2.02,25,1
11:00:39,2.02,20,1
11:01:45,2.02,6,1
11:01:54,2.02,12,1
11:02:39,2.02,1,1
11:03:09,2.02,30,1
11:03:36,2.02,37,1
11:04:12,2.02,4,1
11:04:27,2.02,1,1
11:04:33,2.02,1,1
11:04:51,2.02,1,1
11:05:12,2.02,20,1
11:05:54,2.02,26,1
11:07:15,2.02,1,1
11:08:03,2.02,5,1
11:09:12,2.02,5,1
11:09:45,2.02,5,1
11:11:54,2.02,1,1
11:12:27,2.02,1,1
11:13:24,2.02,1,1
11:15:09,2.02,10,1
11:15:54,2.02,10,1
11:16:51,2.02,1,1
11:17:39,2.02,2,1
11:18:24,2.02,49,1
11:19:21,2.02,7,1
11:21:00,2.02,2,1
11:22:09,2.02,5,1
11:22:27,2.02,1,1
11:22:30,2.02,1,1
11:22:51,2.02,1,1
11:23:12,2.02,1,1
11:24:09,2.02,54,1
11:24:18,2.02,1,1
11:24:30,2.02,1,1
11:24:36,2.02,1,1
11:25:03,2.02,50,1
11:25:33,2.02,1,1
11:26:15,2.02,9,1
11:26:27,2.02,17,1
11:26:30,2.02,1,1
11:26:39,2.02,1,1
11:26:57,2.02,1,1
11:27:30,2.02,1,1
11:27:48,2.02,10,1
11:27:54,2.02,1,1
11:28:12,2.02,1,1
11:28:24,2.02,5,1
11:28:27,2.02,1,1
11:28:42,2.02,1,1
11:28:51,2.02,1,1
11:28:57,2.02,20,1
11:29:00,2.02,1,1
11:29:09,2.02,6,1
11:29:18,2.02,1,1
11:29:30,2.02,1,1
11:29:48,2.02,1,1
11:29:57,2.02,1,1
11:30:00,2.02,1,1
13:00:00,2.02,27,1
13:00:03,2.02,106,1
13:00:06,2.02,1,1
13:00:30,2.02,1,1
13:00:33,2.02,1,1
13:01:00,2.02,1,1
13:01:12,2.02,3,1
13:01:48,2.02,1,1
13:02:24,2.02,1,1
13:02:30,2.02,2,1
13:02:33,2.02,2,1
13:02:36,2.02,2,1
13:02:42,2.02,2,1
13:02:45,2.02,1,1
13:02:48,2.02,1,1
13:02:51,2.02,1,1
13:02:54,2.02,1,1
13:03:51,2.02,4,1
13:04:03,2.02,1,1
13:04:12,2.02,4,1
13:04:30,2.02,100,1
13:04:57,2.02,11,1
13:05:15,2.02,10,1
13:05:42,2.02,1,1
13:05:48,2.02,1,1
13:07:51,2.02,1,1
13:07:54,2.02,3,1
13:08:09,2.02,17,1
13:08:42,2.02,40,1
13:09:06,2.02,10,1
13:09:09,2.02,2,1
13:11:00,2.02,1,1
13:11:03,2.02,1,1
13:11:09,2.02,1,1
13:11:12,2.02,1,1
13:11:15,2.02,6,1
13:11:18,2.02,1,1
13:11:21,2.02,1,1
13:11:36,2.02,10,1
13:12:24,2.02,1,1
13:12:48,2.02,1,1
13:12:57,2.02,48,1
13:13:15,2.02,6,1
13:13:21,2.02,9,1
13:13:39,2.02,5,1
13:14:36,2.02,1,1
13:14:39,2.02,1,1
13:14:45,2.02,1,1
13:16:42,2.02,1,1
13:16:45,2.02,5,1
13:17:42,2.02,46,1
13:18:00,2.02,5,1
13:18:12,2.02,45,1
13:18:36,2.02,45,1
13:18:48,2.02,1,1
13:18:57,2.02,143,1
13:19:06,2.02,1,1
13:19:15,2.02,44,1
13:19:30,2.02,21,1
13:19:36,2.02,9,1
13:19:42,2.02,9,1
13:21:15,2.02,21,1
13:21:51,2.02,10,1
13:22:12,2.02,16,1
13:22:21,2.02,20,1
13:22:27,2.02,1,1
13:23:24,2.02,3,1
13:24:18,2.02,1,1
13:24:48,2.02,2,1
13:25:06,2.02,17,1
13:25:15,2.02,45,1
13:25:30,2.02,5,1
13:26:00,2.02,1,1
13:26:09,2.02,1,1
13:28:30,2.02,1,1
13:29:18,2.02,2,1
13:29:48,2.02,1,1
13:31:03,2.02,1,1
13:31:24,2.02,1,1
13:31:45,2.02,10,1
13:32:15,2.02,2,1
13:34:00,2.02,1,1
13:34:06,2.02,1,1
13:35:39,2.02,10,1
13:36:06,2.02,20,1
13:37:39,2.02,1,1
13:38:09,2.02,1,1
13:38:39,2.02,50,1
13:39:15,2.02,9,1
13:39:54,2.02,1,1
13:41:42,2.02,3,1
13:42:36,2.02,1,1
13:42:54,2.02,1,1
13:46:21,2.02,22,1
13:47:54,2.02,21,1
13:48:06,2.02,2,1
13:48:33,2.02,2,1
13:49:03,2.02,1,1
13:49:15,2.02,3,1
13:49:57,2.02,50,1
13:52:39,2.02,2,1
13:53:06,2.02,1,1
13:53:33,2.02,50,1
13:56:45,2.02,18,1
13:57:54,2.02,2,1
13:58:00,2.02,5,1
14:04:36,2.02,2,1
14:06:51,2.02,5,1
14:06:54,2.02,3,1
14:07:39,2.02,150,1
14:11:12,2.02,2,1
14:11:30,2.02,32,1
14:12:48,2.02,2,1
14:13:00,2.02,2,1
14:14:12,2.02,1,1
14:14:21,2.02,5,1
14:14:30,2.02,19,1
14:17:18,2.02,5,1
14:20:54,2.02,2,1
14:21:15,2.02,4,1
14:24:03,2.02,1,1
14:25:09,2.02,20,1
14:27:54,2.02,3,1
14:29:18,2.02,6,1
14:30:18,2.02,1,1
14:30:36,2.02,1,1
14:31:51,2.02,1,1
14:34:24,2.02,8,1
14:35:06,2.02,10,1
14:37:48,2.02,4,1
14:39:57,2.02,60,1
14:40:30,2.02,1,1
14:40:39,2.02,10,1
14:41:15,2.02,4,1
14:44:15,2.02,1,1
14:44:21,2.02,1,1
14:44:39,2.02,1,1
14:44:48,2.02,3,1
14:44:57,2.02,2,1
14:46:57,2.02,6,1
14:49:51,2.02,10,1
14:50:57,2.02,6,1
14:51:48,2.02,1,1
14:51:51,2.02,100,1
14:52:00,2.02,1,1
14:52:06,2.02,1,1
14:52:30,2.02,100,1
14:52:33,2.02,3,1
14:53:12,2.02,1,1
14:53:42,2.02,23,1
14:53:45,2.02,13,1
14:54:00,2.02,7,1
14:54:21,2.02,7,1
14:54:33,2.02,100,1
14:55:12,2.02,12,1
14:55:21,2.02,3,1
14:55:27,2.02,4,1
14:55:39,2.02,101,1
14:56:12,2.02,100,1
14:56:33,2.02,1,1
14:56:51,2.02,5,1
14:56:57,2.02,100,1
15:00:00,2.02,339,1
