时间,成交价,手数,买卖盘性质
09:15:00,1.82,5704,0
09:15:09,1.82,6767,0
09:15:18,1.82,6842,0
09:15:27,1.82,6842,0
09:15:36,1.82,6842,0
09:15:45,1.82,6826,0
09:15:54,1.82,6933,0
09:16:03,1.82,6889,0
09:16:12,1.82,6890,0
09:16:21,1.82,11889,0
09:16:30,1.82,12024,0
09:16:39,1.82,12720,0
09:16:48,1.82,12732,0
09:16:57,1.82,12760,0
09:17:06,1.82,12495,0
09:17:15,1.82,13147,0
09:17:24,1.82,7618,0
09:17:33,1.82,7200,0
09:17:42,1.82,7831,0
09:17:51,1.82,6964,0
09:18:00,1.82,6976,0
09:18:09,1.82,6798,0
09:18:18,1.82,6797,0
09:18:27,1.82,6796,0
09:18:36,1.82,6798,0
09:18:45,1.82,6617,0
09:18:54,1.82,6658,0
09:19:03,1.82,6658,0
09:19:12,1.82,6658,0
09:19:21,1.82,6664,0
09:19:30,1.82,6635,0
09:19:39,1.82,6637,0
09:19:48,1.82,4143,0
09:19:57,1.82,1647,0
09:20:00,1.82,1667,0
09:20:09,1.82,1668,0
09:20:18,1.82,1668,0
09:20:27,1.82,1670,0
09:20:36,1.82,1670,0
09:20:45,1.82,1675,0
09:20:54,1.82,1675,0
09:21:03,1.82,1982,0
09:21:12,1.82,2092,0
09:21:21,1.82,2092,0
09:21:30,1.82,2092,0
09:21:39,1.82,2092,0
09:21:48,1.82,2092,0
09:21:57,1.82,2092,0
09:22:06,1.82,2120,0
09:22:15,1.82,2123,0
09:22:24,1.82,2127,0
09:22:33,1.82,2128,0
09:22:42,1.82,2138,0
09:22:51,1.82,2138,0
09:23:00,1.82,2138,0
09:23:09,1.82,2139,0
09:23:18,1.82,2139,0
09:23:27,1.82,2214,0
09:23:36,1.82,2264,0
09:23:45,1.82,2266,0
09:23:54,1.82,2266,0
09:24:03,1.82,2282,0
09:24:12,1.82,2283,0
09:24:21,1.82,2303,0
09:24:30,1.82,2411,0
09:24:39,1.82,2411,0
09:24:48,1.82,2607,0
09:24:57,1.82,2607,0
09:25:00,1.82,2809,1
09:30:00,1.82,296,1
09:30:03,1.82,488,1
09:30:06,1.82,37,1
09:30:12,1.82,3,1
09:30:57,1.82,4,1
09:31:00,1.82,10,1
09:31:06,1.82,6,1
09:31:09,1.82,13,1
09:31:12,1.82,20,1
09:31:27,1.82,2,1
09:31:54,1.82,4,1
09:32:03,1.82,60,1
09:32:06,1.82,4,1
09:32:45,1.82,8,1
09:32:54,1.82,1,1
09:33:00,1.82,1,1
09:33:03,1.82,106,1
09:33:06,1.82,5,1
09:33:18,1.82,2,1
09:33:21,1.82,5,1
09:33:24,1.82,10,1
09:33:27,1.82,1,1
09:33:30,1.82,20,1
09:33:33,1.82,1,1
09:33:42,1.82,10,1
09:34:00,1.82,23,1
09:34:06,1.82,1,1
09:34:09,1.82,60,1
09:34:21,1.82,70,1
09:34:33,1.82,7,1
09:34:36,1.82,5,1
09:34:39,1.82,3,1
09:34:42,1.82,1,1
09:34:51,1.82,1,1
09:35:09,1.82,1,1
09:35:12,1.82,100,1
09:35:21,1.82,42,1
09:35:27,1.82,16,1
09:35:45,1.82,5,1
09:35:48,1.82,1,1
09:36:03,1.82,5,1
09:36:12,1.82,1,1
09:36:15,1.82,2,1
09:36:33,1.82,30,1
09:36:39,1.82,1,1
09:36:42,1.82,2,1
09:36:51,1.82,5,1
09:37:06,1.82,60,1
09:37:18,1.82,6,1
09:37:36,1.82,2,1
09:38:00,1.82,24,1
09:38:03,1.82,91,1
09:38:33,1.82,5,1
09:38:36,1.82,37,1
09:38:39,1.82,3,1
09:38:51,1.82,91,1
09:38:54,1.82,30,1
09:39:12,1.82,1,1
09:39:15,1.82,4,1
09:39:39,1.82,4,1
09:39:42,1.82,4,1
09:40:12,1.82,5,1
09:40:18,1.82,3,1
09:40:21,1.82,2,1
09:40:36,1.82,3,1
09:40:45,1.82,1,1
09:40:48,1.82,60,1
09:41:21,1.82,3,1
09:41:30,1.82,1,1
09:41:33,1.82,1,1
09:41:36,1.82,34,1
09:41:39,1.82,1,1
09:42:06,1.82,8,1
09:42:18,1.82,1,1
09:42:33,1.82,5,1
09:42:42,1.82,67,1
09:42:57,1.82,1,1
09:43:12,1.82,6,1
09:43:21,1.82,1,1
09:43:27,1.82,9,1
09:43:36,1.82,27,1
09:43:45,1.82,1,1
09:43:48,1.82,10,1
09:44:12,1.82,6,1
09:44:21,1.82,51,1
09:44:30,1.82,1,1
09:45:03,1.82,20,1
09:45:24,1.82,5,1
09:45:33,1.82,2,1
09:46:15,1.82,5,1
09:46:21,1.82,1,1
09:46:27,1.82,1,1
09:46:33,1.82,5,1
09:46:42,1.82,1,1
09:46:48,1.82,26,1
09:47:09,1.82,1,1
09:47:12,1.82,5,1
09:47:15,1.82,10,1
09:47:30,1.82,20,1
09:47:45,1.82,1,1
09:48:00,1.82,10,1
09:48:03,1.82,1,1
09:48:09,1.82,6,1
09:48:39,1.82,50,1
09:48:48,1.82,10,1
09:49:06,1.82,6,1
09:49:15,1.82,2,1
09:49:24,1.82,1,1
09:49:30,1.82,102,1
09:49:33,1.82,1,1
09:50:09,1.82,1,1
09:50:33,1.82,18,1
09:50:57,1.82,17,1
09:51:00,1.82,3,1
09:51:12,1.82,10,1
09:51:33,1.82,2,1
09:51:51,1.82,1,1
09:52:36,1.82,4,1
09:52:51,1.82,1,1
09:53:06,1.82,2,1
09:53:15,1.82,54,1
09:53:30,1.82,1,1
09:53:36,1.82,47,1
09:53:57,1.82,1,1
09:54:00,1.82,1,1
09:54:09,1.82,35,1
09:54:51,1.82,4,1
09:54:57,1.82,10,1
09:55:33,1.82,1,1
09:56:00,1.82,3,1
09:56:06,1.82,7,1
09:56:21,1.82,4,1
09:56:24,1.82,1,1
09:56:30,1.82,1,1
09:56:57,1.82,1,1
09:57:03,1.82,10,1
09:57:06,1.82,1,1
09:57:15,1.82,2,1
09:57:18,1.82,30,1
09:58:06,1.82,2,1
09:58:36,1.82,2,1
09:58:39,1.82,1,1
09:59:00,1.82,3,1
09:59:33,1.82,36,1
10:00:03,1.82,3,1
10:01:09,1.82,1,1
10:01:21,1.82,2,1
10:01:57,1.82,1,1
10:02:21,1.82,1,1
10:03:06,1.82,13,1
10:03:09,1.82,6,1
10:03:15,1.82,1,1
10:03:18,1.82,1,1
10:03:21,1.82,15,1
10:03:27,1.82,1,1
10:03:33,1.82,1,1
10:03:45,1.82,14,1
10:03:57,1.82,6,1
10:04:24,1.82,1,1
10:04:39,1.82,20,1
10:05:09,1.82,1,1
10:05:12,1.82,1,1
10:05:18,1.82,2,1
10:05:33,1.82,20,1
10:05:42,1.82,1,1
10:05:51,1.82,15,1
10:06:33,1.82,5,1
10:07:21,1.82,1,1
10:07:30,1.82,4,1
10:07:39,1.82,1,1
10:08:27,1.82,1,1
10:08:30,1.82,11,1
10:08:42,1.82,33,1
10:08:45,1.82,20,1
10:09:09,1.82,1,1
10:09:18,1.82,1,1
10:09:36,1.82,1,1
10:09:51,1.82,5,1
10:09:54,1.82,2,1
10:10:09,1.82,50,1
10:10:12,1.82,100,1
10:10:36,1.82,13,1
10:10:45,1.82,5,1
10:10:48,1.82,10,1
10:11:03,1.82,19,1
10:11:09,1.82,3,1
10:11:18,1.82,4,1
10:11:30,1.82,6,1
10:11:36,1.82,2,1
10:11:42,1.82,4,1
10:12:24,1.82,5,1
10:12:30,1.82,3,1
10:12:33,1.82,1,1
10:13:15,1.82,8,1
10:13:30,1.82,10,1
10:13:36,1.82,4,1
10:14:00,1.82,7,1
10:14:36,1.82,17,1
10:15:18,1.82,2,1
10:15:21,1.82,1,1
10:15:42,1.82,1,1
10:15:54,1.82,2,1
10:15:57,1.82,19,1
10:16:03,1.82,1,1
10:16:06,1.82,1,1
10:16:48,1.82,2,1
10:17:03,1.82,1,1
10:17:30,1.82,1,1
10:17:51,1.82,1,1
10:17:57,1.82,23,1
10:18:12,1.82,40,1
10:18:15,1.82,3,1
10:18:39,1.82,1,1
10:18:48,1.82,1,1
10:19:45,1.82,1,1
10:19:51,1.82,2,1
10:19:54,1.82,1,1
10:20:21,1.82,331,1
10:20:36,1.82,14,1
10:20:39,1.82,5,1
10:21:30,1.82,1,1
10:21:54,1.82,4,1
10:22:06,1.82,32,1
10:22:54,1.82,50,1
10:23:30,1.82,4,1
10:23:45,1.82,20,1
10:23:51,1.82,2,1
10:24:00,1.82,1,1
10:24:06,1.82,55,1
10:24:45,1.82,1,1
10:25:54,1.82,1,1
10:26:51,1.82,3,1
10:27:09,1.82,1,1
10:27:12,1.82,131,1
10:27:24,1.82,33,1
10:27:42,1.82,14,1
10:28:42,1.82,1,1
10:29:21,1.82,200,1
10:29:24,1.82,2,1
10:29:45,1.82,17,1
10:29:51,1.82,2,1
10:30:48,1.82,2,1
10:30:57,1.82,1,1
10:31:30,1.82,1,1
10:32:21,1.82,1,1
10:32:33,1.82,20,1
10:32:48,1.82,2,1
10:32:51,1.82,20,1
10:33:09,1.82,5,1
10:34:18,1.82,111,1
10:35:27,1.82,1,1
10:35:33,1.82,1,1
10:35:36,1.82,1,1
10:36:00,1.82,1,1
10:36:30,1.82,1,1
10:36:48,1.82,2,1
10:37:03,1.82,38,1
10:37:15,1.82,1,1
10:37:27,1.82,110,1
10:38:00,1.82,2,1
10:38:45,1.82,5,1
10:39:09,1.82,8,1
10:39:39,1.82,10,1
10:39:54,1.82,1,1
10:41:00,1.82,54,1
10:41:27,1.82,3,1
10:42:24,1.82,1,1
10:43:00,1.82,3,1
10:44:21,1.82,10,1
10:44:48,1.82,4,1
10:45:24,1.82,1,1
10:46:15,1.82,2,1
10:46:39,1.82,3,1
10:47:06,1.82,4,1
10:47:30,1.82,1,1
10:47:33,1.82,1,1
10:47:36,1.82,1,1
10:47:39,1.82,4,1
10:47:42,1.82,1,1
10:47:51,1.82,4,1
10:47:54,1.82,2,1
10:48:33,1.82,2,1
10:48:51,1.82,2,1
10:48:54,1.82,3,1
10:48:57,1.82,1,1
10:49:24,1.82,3,1
10:49:39,1.82,1,1
10:49:42,1.82,1,1
10:52:00,1.82,2,1
10:52:12,1.82,1,1
10:52:27,1.82,42,1
10:52:33,1.82,1,1
10:53:36,1.82,1,1
10:54:33,1.82,7,1
10:54:42,1.82,10,1
10:54:57,1.82,53,1
10:55:09,1.82,3,1
10:55:45,1.82,2,1
10:55:54,1.82,56,1
10:57:03,1.82,11,1
10:57:33,1.82,1,1
10:58:36,1.82,1,1
10:58:45,1.82,1,1
10:59:30,1.82,1,1
11:01:09,1.82,30,1
11:01:27,1.82,5,1
11:02:06,1.82,1,1
11:02:09,1.82,9,1
11:02:15,1.82,1,1
11:02:24,1.82,2,1
11:02:36,1.82,1,1
11:02:42,1.82,1,1
11:02:45,1.82,1,1
11:02:51,1.82,1,1
11:02:57,1.82,2,1
11:03:27,1.82,1,1
11:03:33,1.82,1,1
11:03:51,1.82,5,1
11:04:21,1.82,1,1
11:04:30,1.82,2,1
11:05:54,1.82,1,1
11:06:21,1.82,1,1
11:06:24,1.82,1,1
11:06:27,1.82,1,1
11:06:30,1.82,1,1
11:06:33,1.82,1,1
11:06:39,1.82,1,1
11:06:42,1.82,1,1
11:06:45,1.82,1,1
11:06:48,1.82,1,1
11:06:51,1.82,1,1
11:06:54,1.82,1,1
11:06:57,1.82,1,1
11:07:00,1.82,1,1
11:07:03,1.82,1,1
11:08:00,1.82,4,1
11:08:15,1.82,1,1
11:08:18,1.82,1,1
11:08:42,1.82,20,1
11:08:57,1.82,1,1
11:09:24,1.82,1,1
11:09:36,1.82,20,1
11:09:42,1.82,6,1
11:10:18,1.82,1,1
11:11:24,1.82,2,1
11:12:57,1.82,2,1
11:13:00,1.82,2,1
11:13:06,1.82,1,1
11:15:09,1.82,1,1
11:15:18,1.82,15,1
11:15:45,1.82,2,1
11:16:03,1.82,1,1
11:16:24,1.82,1,1
11:16:30,1.82,1,1
11:16:33,1.82,1,1
11:16:36,1.82,1,1
11:16:42,1.82,2,1
11:16:48,1.82,1,1
11:16:51,1.82,1,1
11:16:54,1.82,65,1
11:16:57,1.82,3,1
11:17:00,1.82,1,1
11:17:03,1.82,1,1
11:17:06,1.82,1,1
11:17:09,1.82,2,1
11:17:15,1.82,1,1
11:17:21,1.82,1,1
11:17:24,1.82,1,1
11:17:54,1.82,2,1
11:17:57,1.82,2,1
11:18:00,1.82,1,1
11:18:06,1.82,1,1
11:18:09,1.82,1,1
11:18:15,1.82,2,1
11:18:27,1.82,1,1
11:18:30,1.82,1,1
11:18:33,1.82,1,1
11:18:36,1.82,1,1
11:18:39,1.82,2,1
11:18:45,1.82,1,1
11:18:57,1.82,1,1
11:19:09,1.82,11,1
11:19:15,1.82,1,1
11:19:27,1.82,2,1
11:19:39,1.82,1,1
11:19:42,1.82,2,1
11:19:45,1.82,2,1
11:19:51,1.82,1,1
11:19:57,1.82,1,1
11:20:06,1.82,1,1
11:20:27,1.82,1,1
11:20:33,1.82,1,1
11:20:36,1.82,1,1
11:20:42,1.82,2,1
11:21:00,1.82,1,1
11:21:21,1.82,1,1
11:21:24,1.82,5,1
11:22:00,1.82,3,1
11:22:24,1.82,1,1
11:23:15,1.82,2,1
11:24:27,1.82,2,1
11:24:30,1.82,1,1
11:24:39,1.82,1,1
11:25:18,1.82,10,1
11:25:24,1.82,3,1
11:25:27,1.82,1,1
11:25:42,1.82,3,1
11:26:00,1.82,1,1
11:26:18,1.82,2,1
11:27:45,1.82,1,1
11:27:54,1.82,1,1
11:28:12,1.82,2,1
11:28:18,1.82,3,1
11:28:24,1.82,1,1
11:28:48,1.82,2,1
13:00:00,1.82,9,1
13:00:03,1.82,60,1
13:00:12,1.82,2,1
13:00:15,1.82,1,1
13:00:30,1.82,2,1
13:01:24,1.82,17,1
13:02:06,1.82,1,1
13:04:09,1.82,10,1
13:05:00,1.82,1,1
13:06:03,1.82,1,1
13:06:39,1.82,15,1
13:08:54,1.82,10,1
13:09:39,1.82,1,1
13:10:21,1.82,1,1
13:10:33,1.82,1,1
13:11:54,1.82,1,1
13:11:57,1.82,2,1
13:12:00,1.82,1,1
13:12:06,1.82,1,1
13:13:18,1.82,22,1
13:14:18,1.82,1,1
13:15:42,1.82,50,1
13:16:51,1.82,10,1
13:18:18,1.82,4,1
13:19:18,1.82,2,1
13:19:21,1.82,1,1
13:19:27,1.82,1,1
13:20:00,1.82,1,1
13:20:36,1.82,94,1
13:20:39,1.82,1,1
13:20:51,1.82,4,1
13:20:57,1.82,1,1
13:22:12,1.82,59,1
13:22:51,1.82,50,1
13:25:00,1.82,2,1
13:25:42,1.82,7,1
13:27:51,1.82,2,1
13:28:54,1.82,1,1
13:30:24,1.82,68,1
13:31:00,1.82,3,1
13:31:45,1.82,1,1
13:31:48,1.82,1,1
13:33:03,1.82,3,1
13:33:06,1.82,2,1
13:33:21,1.82,10,1
13:34:00,1.82,3,1
13:34:27,1.82,7,1
13:34:30,1.82,3,1
13:34:36,1.82,2,1
13:34:48,1.82,5,1
13:35:45,1.82,1,1
13:37:21,1.82,100,1
13:37:36,1.82,7,1
13:37:39,1.82,100,1
13:40:00,1.82,2,1
13:41:03,1.82,3,1
13:41:12,1.82,1,1
13:41:24,1.82,1,1
13:42:39,1.82,10,1
13:42:45,1.82,20,1
13:42:48,1.82,10,1
13:42:54,1.82,10,1
13:43:21,1.82,2,1
13:43:24,1.82,11,1
13:43:33,1.82,5,1
13:43:42,1.82,1,1
13:43:57,1.82,10,1
13:44:00,1.82,11,1
13:44:12,1.82,4,1
13:44:15,1.82,2,1
13:44:18,1.82,10,1
13:45:24,1.82,2,1
13:45:36,1.82,1,1
13:46:03,1.82,10,1
13:46:12,1.82,10,1
13:46:36,1.82,1,1
13:47:03,1.82,10,1
13:47:30,1.82,3,1
13:47:36,1.82,55,1
13:47:54,1.82,5,1
13:47:57,1.82,11,1
13:48:15,1.82,3,1
13:48:21,1.82,5,1
13:48:27,1.82,11,1
13:48:42,1.82,1,1
13:48:45,1.82,1,1
13:49:45,1.82,10,1
13:49:51,1.82,10,1
13:49:57,1.82,5,1
13:51:03,1.82,3,1
13:51:09,1.82,1,1
13:51:12,1.82,1,1
13:51:18,1.82,1,1
13:51:27,1.82,10,1
13:51:54,1.82,1,1
13:53:30,1.82,10,1
13:53:39,1.82,1,1
13:54:57,1.82,1,1
13:55:21,1.82,45,1
13:56:30,1.82,1,1
13:58:45,1.82,1,1
14:00:45,1.82,2,1
14:01:15,1.82,11,1
14:01:24,1.82,10,1
14:01:33,1.82,1,1
14:01:45,1.82,1,1
14:01:48,1.82,2,1
14:03:03,1.82,1,1
14:03:12,1.82,2,1
14:03:21,1.82,1,1
14:03:24,1.82,8,1
14:03:27,1.82,2,1
14:03:30,1.82,5,1
14:03:33,1.82,4,1
14:03:36,1.82,6,1
14:03:39,1.82,3,1
14:04:18,1.82,5,1
14:04:30,1.82,1,1
14:05:42,1.82,100,1
14:06:30,1.82,10,1
14:07:30,1.82,11,1
14:07:36,1.82,3,1
14:08:00,1.82,10,1
14:10:09,1.82,3,1
14:10:15,1.82,100,1
14:10:24,1.82,100,1
14:10:39,1.82,100,1
14:10:42,1.82,9,1
14:11:12,1.82,100,1
14:11:27,1.82,10,1
14:11:30,1.82,9,1
14:11:39,1.82,100,1
14:12:03,1.82,131,1
14:12:06,1.82,3,1
14:12:09,1.82,100,1
14:12:33,1.82,3,1
14:12:42,1.82,100,1
14:12:51,1.82,20,1
14:12:54,1.82,100,1
14:13:12,1.82,1,1
14:13:15,1.82,4,1
14:13:18,1.82,14,1
14:13:30,1.82,109,1
14:13:36,1.82,37,1
14:13:45,1.82,100,1
14:13:51,1.82,10,1
14:13:57,1.82,9,1
14:14:00,1.82,10,1
14:14:06,1.82,4,1
14:14:15,1.82,10,1
14:14:21,1.82,100,1
14:14:27,1.82,22,1
14:14:45,1.82,100,1
14:14:57,1.82,5,1
14:15:03,1.82,6,1
14:15:18,1.82,109,1
14:15:21,1.82,50,1
14:15:51,1.82,4,1
14:16:03,1.82,5,1
14:16:09,1.82,4,1
14:16:15,1.82,100,1
14:16:18,1.82,4,1
14:16:30,1.82,112,1
14:16:36,1.82,13,1
14:16:39,1.82,1,1
14:16:45,1.82,1,1
14:16:54,1.82,100,1
14:17:03,1.82,66,1
14:17:09,1.82,1,1
14:17:18,1.82,5,1
14:17:27,1.82,30,1
14:17:30,1.82,1,1
14:17:36,1.82,100,1
14:18:15,1.82,100,1
14:18:21,1.82,5,1
14:18:30,1.82,4,1
14:18:33,1.82,1,1
14:18:48,1.82,10,1
14:18:51,1.82,7,1
14:18:57,1.82,54,1
14:19:24,1.82,100,1
14:19:27,1.82,1,1
14:19:36,1.82,1,1
14:20:09,1.82,10,1
14:20:15,1.82,1,1
14:20:18,1.82,1,1
14:20:24,1.82,10,1
14:20:36,1.82,1,1
14:20:45,1.82,100,1
14:20:54,1.82,77,1
14:21:00,1.82,2,1
14:21:42,1.82,100,1
14:22:42,1.82,2,1
14:23:06,1.82,4,1
14:23:27,1.82,102,1
14:23:33,1.82,4,1
14:24:00,1.82,10,1
14:24:12,1.82,1,1
14:24:30,1.82,10,1
14:24:36,1.82,1,1
14:24:39,1.82,2,1
14:24:45,1.82,33,1
14:25:21,1.82,100,1
14:25:27,1.82,7,1
14:25:33,1.82,4,1
14:25:36,1.82,10,1
14:25:45,1.82,10,1
14:26:21,1.82,10,1
14:26:39,1.82,100,1
14:26:57,1.82,10,1
14:27:06,1.82,5,1
14:27:21,1.82,3,1
14:27:24,1.82,4,1
14:27:57,1.82,5,1
14:28:03,1.82,100,1
14:28:09,1.82,27,1
14:28:33,1.82,1,1
14:28:36,1.82,1,1
14:28:39,1.82,1,1
14:28:54,1.82,10,1
14:28:57,1.82,1,1
14:29:00,1.82,5,1
14:29:21,1.82,10,1
14:29:42,1.82,1,1
14:29:48,1.82,10,1
14:30:09,1.82,26,1
14:30:36,1.82,100,1
14:30:48,1.82,5,1
14:31:42,1.82,1,1
14:31:48,1.82,2,1
14:32:00,1.82,2,1
14:32:27,1.82,1,1
14:32:45,1.82,10,1
14:32:51,1.82,10,1
14:32:54,1.82,10,1
14:32:57,1.82,1,1
14:33:00,1.82,10,1
14:33:12,1.82,10,1
14:33:33,1.82,6,1
14:33:51,1.82,33,1
14:34:39,1.82,10,1
14:34:51,1.82,1,1
14:34:54,1.82,1,1
14:34:57,1.82,10,1
14:35:54,1.82,100,1
14:36:03,1.82,1,1
14:36:15,1.82,1,1
14:36:24,1.82,1,1
14:36:42,1.82,2,1
14:36:51,1.82,10,1
14:37:12,1.82,4,1
14:38:39,1.82,1,1
14:38:57,1.82,1,1
14:40:06,1.82,1,1
14:40:21,1.82,1,1
14:40:39,1.82,1,1
14:41:33,1.82,10,1
14:41:39,1.82,10,1
14:41:42,1.82,10,1
14:41:45,1.82,1,1
14:41:51,1.82,10,1
14:42:00,1.82,1,1
14:42:33,1.82,10,1
14:44:15,1.82,10,1
14:44:45,1.82,10,1
14:44:51,1.82,20,1
14:44:54,1.82,10,1
14:45:24,1.82,10,1
14:45:45,1.82,1,1
14:46:27,1.82,12,1
14:46:42,1.82,164,1
14:46:51,1.82,100,1
14:47:00,1.82,10,1
14:47:18,1.82,1,1
14:47:27,1.82,1,1
14:47:36,1.82,33,1
14:47:54,1.82,2,1
14:48:09,1.82,10,1
14:48:12,1.82,30,1
14:48:18,1.82,10,1
14:48:27,1.82,1,1
14:48:33,1.82,5,1
14:48:45,1.82,1,1
14:49:21,1.82,1,1
14:49:45,1.82,12,1
14:50:12,1.82,1,1
14:50:21,1.82,1,1
14:50:33,1.82,27,1
14:50:36,1.82,54,1
14:50:42,1.82,78,1
14:50:48,1.82,210,1
14:51:00,1.82,10,1
14:51:06,1.82,10,1
14:51:18,1.82,31,1
14:51:21,1.82,4,1
14:51:36,1.82,18,1
14:51:39,1.82,11,1
14:51:48,1.82,4,1
14:51:51,1.82,28,1
14:51:57,1.82,10,1
14:52:06,1.82,120,1
14:52:12,1.82,5,1
14:52:18,1.82,2,1
14:52:24,1.82,100,1
14:52:27,1.82,3,1
14:52:33,1.82,113,1
14:52:48,1.82,100,1
14:52:51,1.82,33,1
14:53:00,1.82,10,1
14:53:06,1.82,7,1
14:53:15,1.82,10,1
14:53:21,1.82,100,1
14:53:33,1.82,5,1
14:53:39,1.82,3,1
14:53:54,1.82,11,1
14:54:00,1.82,13,1
14:54:09,1.82,100,1
14:54:30,1.82,323,1
14:54:36,1.82,10,1
14:54:42,1.82,11,1
14:54:48,1.82,623,1
14:54:51,1.82,1,1
14:54:54,1.82,13,1
14:54:57,1.82,657,1
14:55:03,1.82,500,1
14:55:06,1.82,45,1
14:55:09,1.82,78,1
14:55:12,1.82,5,1
14:55:15,1.82,51,1
14:55:21,1.82,8,1
14:55:27,1.82,105,1
14:55:30,1.82,61,1
14:55:33,1.82,22,1
14:55:36,1.82,5,1
14:55:42,1.82,100,1
14:55:45,1.82,4,1
14:55:48,1.82,1,1
14:55:51,1.82,51,1
14:55:54,1.82,7,1
14:55:57,1.82,7,1
14:56:03,1.82,20,1
14:56:09,1.82,2,1
14:56:12,1.82,16,1
14:56:15,1.82,40,1
14:56:18,1.82,20,1
14:56:24,1.82,6,1
14:56:27,1.82,43,1
14:56:30,1.82,111,1
14:56:33,1.82,10,1
14:56:36,1.82,26,1
14:56:39,1.82,293,1
14:56:45,1.82,30,1
14:56:48,1.82,121,1
14:56:51,1.82,48,1
14:56:54,1.82,278,1
14:56:57,1.82,133,1
14:57:00,1.82,81,1
15:00:00,1.82,580,1
