时间,成交价,手数,买卖盘性质
09:15:00,2.75,236,0
09:15:09,2.75,4278,0
09:15:18,2.75,4422,0
09:15:27,2.75,4678,0
09:15:36,2.75,4678,0
09:15:45,2.75,4766,0
09:15:54,2.75,5554,0
09:16:03,2.75,5593,0
09:16:12,2.75,5595,0
09:16:21,2.75,5590,0
09:16:30,2.75,5661,0
09:16:39,2.75,5662,0
09:16:48,2.75,3136,0
09:16:57,2.75,3099,0
09:17:06,2.75,3087,0
09:17:15,2.75,3389,0
09:17:24,2.75,3104,0
09:17:33,2.75,3104,0
09:17:42,2.75,3361,0
09:17:51,2.75,3399,0
09:18:00,2.75,3345,0
09:18:09,2.75,3456,0
09:18:18,2.75,3474,0
09:18:27,2.75,3502,0
09:18:36,2.75,3706,0
09:18:45,2.75,3797,0
09:18:54,2.75,3858,0
09:19:03,2.75,3561,0
09:19:12,2.75,3587,0
09:19:21,2.75,3560,0
09:19:30,2.75,3556,0
09:19:39,2.75,3696,0
09:19:48,2.75,3799,0
09:19:57,2.75,3625,0
09:20:00,2.75,3638,0
09:20:09,2.75,3643,0
09:20:18,2.75,3667,0
09:20:27,2.75,3917,0
09:20:36,2.75,3950,0
09:20:45,2.75,3950,0
09:20:54,2.75,3968,0
09:21:03,2.75,4469,0
09:21:12,2.75,4480,0
09:21:21,2.75,4587,0
09:21:30,2.75,4669,0
09:21:39,2.75,4675,0
09:21:48,2.75,4737,0
09:21:57,2.75,4796,0
09:22:06,2.75,4927,0
09:22:15,2.75,5081,0
09:22:24,2.75,5197,0
09:22:33,2.75,5224,0
09:22:42,2.75,5376,0
09:22:51,2.75,5478,0
09:23:00,2.75,5530,0
09:23:09,2.75,5753,0
09:23:18,2.75,5983,0
09:23:27,2.75,6146,0
09:23:36,2.75,6502,0
09:23:45,2.75,6583,0
09:23:54,2.75,6824,0
09:24:03,2.75,7094,0
09:24:12,2.75,7103,0
09:24:21,2.75,7205,0
09:24:30,2.75,7315,0
09:24:39,2.75,7488,0
09:24:48,2.75,8083,0
09:24:57,2.75,8394,0
09:25:00,2.75,8400,1
09:30:00,2.75,2094,1
09:30:03,2.75,3665,1
09:30:06,2.75,1905,1
09:30:09,2.75,569,1
09:30:12,2.75,115,1
09:30:15,2.75,78,1
09:30:18,2.75,186,1
09:30:21,2.75,22,1
09:30:24,2.75,34,1
09:30:27,2.75,5,1
09:30:30,2.75,12,1
09:30:33,2.75,5,1
09:30:36,2.75,505,1
09:30:39,2.75,40,1
09:30:42,2.75,223,1
09:30:45,2.75,205,1
09:30:48,2.75,103,1
09:30:51,2.75,51,1
09:30:54,2.75,546,1
09:30:57,2.75,12,1
09:31:00,2.75,29,1
09:31:03,2.75,131,1
09:31:06,2.75,63,1
09:31:09,2.75,36,1
09:31:12,2.75,221,1
09:31:15,2.75,54,1
09:31:18,2.75,69,1
09:31:21,2.75,51,1
09:31:24,2.75,113,1
09:31:27,2.75,2,1
09:31:33,2.75,50,1
09:31:36,2.75,25,1
09:31:39,2.75,5,1
09:31:42,2.75,12,1
09:31:45,2.75,2,1
09:31:48,2.75,11,1
09:31:51,2.75,112,1
09:31:54,2.75,16,1
09:31:57,2.75,128,1
09:32:00,2.75,4,1
09:32:03,2.75,7,1
09:32:06,2.75,1,1
09:32:12,2.75,30,1
09:32:15,2.75,109,1
09:32:21,2.75,400,1
09:32:24,2.75,18,1
09:32:27,2.75,147,1
09:32:30,2.75,5,1
09:32:36,2.75,4,1
09:32:39,2.75,32,1
09:32:42,2.75,1,1
09:32:45,2.75,248,1
09:32:48,2.75,13,1
09:32:51,2.75,20,1
09:32:54,2.75,25,1
09:33:00,2.75,1,1
09:33:03,2.75,66,1
09:33:06,2.75,21,1
09:33:09,2.75,85,1
09:33:12,2.75,14,1
09:33:15,2.75,3,1
09:33:21,2.75,3,1
09:33:24,2.75,147,1
09:33:30,2.75,69,1
09:33:33,2.75,30,1
09:33:36,2.75,8,1
09:33:39,2.75,8,1
09:33:42,2.75,4,1
09:33:48,2.75,20,1
09:33:51,2.75,4,1
09:33:57,2.75,1,1
09:34:00,2.75,1,1
09:34:03,2.75,1,1
09:34:09,2.75,4,1
09:34:12,2.75,17,1
09:34:15,2.75,247,1
09:34:18,2.75,1,1
09:34:21,2.75,17,1
09:34:30,2.75,3,1
09:34:33,2.75,5,1
09:34:39,2.75,6,1
09:34:42,2.75,45,1
09:34:45,2.75,51,1
09:34:48,2.75,6,1
09:34:51,2.75,15,1
09:34:54,2.75,1,1
09:35:00,2.75,64,1
09:35:03,2.75,28,1
09:35:06,2.75,52,1
09:35:09,2.75,22,1
09:35:15,2.75,28,1
09:35:21,2.75,7,1
09:35:24,2.75,11,1
09:35:27,2.75,15,1
09:35:30,2.75,20,1
09:35:33,2.75,30,1
09:35:36,2.75,10,1
09:35:39,2.75,100,1
09:35:42,2.75,12,1
09:35:45,2.75,30,1
09:35:48,2.75,28,1
09:35:51,2.75,1,1
09:35:54,2.75,13,1
09:36:03,2.75,64,1
09:36:09,2.75,5,1
09:36:15,2.75,10,1
09:36:18,2.75,75,1
09:36:24,2.75,99,1
09:36:27,2.75,5,1
09:36:36,2.75,5,1
09:36:51,2.75,11,1
09:36:54,2.75,3,1
09:37:00,2.75,5,1
09:37:06,2.75,72,1
09:37:09,2.75,29,1
09:37:12,2.75,45,1
09:37:15,2.75,2,1
09:37:21,2.75,7,1
09:37:24,2.75,25,1
09:37:33,2.75,25,1
09:37:36,2.75,1,1
09:37:42,2.75,7,1
09:37:45,2.75,26,1
09:37:51,2.75,1,1
09:37:54,2.75,10,1
09:37:57,2.75,10,1
09:38:00,2.75,1,1
09:38:03,2.75,10,1
09:38:09,2.75,41,1
09:38:12,2.75,23,1
09:38:15,2.75,13,1
09:38:18,2.75,3,1
09:38:21,2.75,6,1
09:38:24,2.75,73,1
09:38:27,2.75,99,1
09:38:30,2.75,20,1
09:38:33,2.75,15,1
09:38:36,2.75,6,1
09:38:39,2.75,26,1
09:38:42,2.75,30,1
09:38:45,2.75,107,1
09:38:48,2.75,38,1
09:38:51,2.75,17,1
09:38:54,2.75,10,1
09:38:57,2.75,8,1
09:39:00,2.75,45,1
09:39:03,2.75,30,1
09:39:15,2.75,18,1
09:39:21,2.75,30,1
09:39:24,2.75,5,1
09:39:27,2.75,3,1
09:39:30,2.75,1,1
09:39:36,2.75,23,1
09:39:39,2.75,2,1
09:39:42,2.75,45,1
09:39:51,2.75,3,1
09:40:00,2.75,8,1
09:40:09,2.75,13,1
09:40:15,2.75,14,1
09:40:18,2.75,14,1
09:40:24,2.75,2,1
09:40:30,2.75,32,1
09:40:33,2.75,1,1
09:40:45,2.75,1,1
09:40:57,2.75,8,1
09:41:03,2.75,21,1
09:41:15,2.75,10,1
09:41:21,2.75,1,1
09:41:24,2.75,19,1
09:41:27,2.75,1,1
09:41:30,2.75,10,1
09:41:36,2.75,20,1
09:41:57,2.75,2,1
09:42:00,2.75,1,1
09:42:09,2.75,15,1
09:42:12,2.75,44,1
09:42:18,2.75,20,1
09:42:21,2.75,29,1
09:42:24,2.75,55,1
09:42:27,2.75,2,1
09:42:30,2.75,3,1
09:42:33,2.75,36,1
09:42:42,2.75,28,1
09:42:45,2.75,1,1
09:42:54,2.75,106,1
09:42:57,2.75,30,1
09:43:03,2.75,15,1
09:43:12,2.75,3,1
09:43:15,2.75,40,1
09:43:18,2.75,10,1
09:43:24,2.75,6,1
09:43:27,2.75,4,1
09:43:30,2.75,100,1
09:43:33,2.75,18,1
09:43:36,2.75,1,1
09:43:42,2.75,20,1
09:43:48,2.75,5,1
09:43:54,2.75,1,1
09:44:06,2.75,3,1
09:44:18,2.75,101,1
09:44:24,2.75,1,1
09:44:27,2.75,14,1
09:44:33,2.75,4,1
09:44:39,2.75,67,1
09:44:48,2.75,2,1
09:44:51,2.75,2,1
09:44:54,2.75,20,1
09:44:57,2.75,5,1
09:45:00,2.75,46,1
09:45:06,2.75,78,1
09:45:15,2.75,20,1
09:45:30,2.75,134,1
09:45:33,2.75,9,1
09:45:39,2.75,6,1
09:45:42,2.75,13,1
09:45:51,2.75,5,1
09:45:54,2.75,1,1
09:46:00,2.75,5,1
09:46:06,2.75,57,1
09:46:12,2.75,1,1
09:46:24,2.75,41,1
09:46:27,2.75,93,1
09:46:30,2.75,8,1
09:46:33,2.75,1,1
09:46:45,2.75,3,1
09:46:54,2.75,4,1
09:47:06,2.75,1,1
09:47:09,2.75,30,1
09:47:12,2.75,3,1
09:47:15,2.75,10,1
09:47:21,2.75,30,1
09:47:30,2.75,4,1
09:47:42,2.75,3559,1
09:47:45,2.75,1,1
09:47:48,2.75,4,1
09:47:51,2.75,173,1
09:47:54,2.75,1006,1
09:47:57,2.75,1,1
09:48:00,2.75,5,1
09:48:03,2.75,10,1
09:48:06,2.75,99,1
09:48:12,2.75,100,1
09:48:15,2.75,10,1
09:48:18,2.75,34,1
09:48:21,2.75,163,1
09:48:24,2.75,103,1
09:48:27,2.75,62,1
09:48:30,2.75,312,1
09:48:33,2.75,51,1
09:48:36,2.75,22,1
09:48:39,2.75,1,1
09:48:42,2.75,56,1
09:48:45,2.75,3,1
09:48:48,2.75,9,1
09:48:54,2.75,1,1
09:48:57,2.75,14,1
09:49:00,2.75,6,1
09:49:03,2.75,7,1
09:49:06,2.75,5,1
09:49:09,2.75,3,1
09:49:12,2.75,65,1
09:49:18,2.75,520,1
09:49:21,2.75,315,1
09:49:24,2.75,4,1
09:49:27,2.75,77,1
09:49:30,2.75,54,1
09:49:33,2.75,224,1
09:49:36,2.75,200,1
09:49:39,2.75,14,1
09:49:42,2.75,549,1
09:49:45,2.75,11,1
09:49:48,2.75,180,1
09:49:51,2.75,548,1
09:49:54,2.75,34,1
09:49:57,2.75,90,1
09:50:00,2.75,28,1
09:50:03,2.75,6,1
09:50:06,2.75,5,1
09:50:09,2.75,20,1
09:50:12,2.75,1,1
09:50:15,2.75,10,1
09:50:18,2.75,6,1
09:50:21,2.75,59,1
09:50:24,2.75,1,1
09:50:27,2.75,139,1
09:50:30,2.75,20,1
09:50:33,2.75,50,1
09:50:36,2.75,317,1
09:50:39,2.75,22,1
09:50:42,2.75,75,1
09:50:45,2.75,10,1
09:50:48,2.75,52,1
09:50:54,2.75,78,1
09:50:57,2.75,9,1
09:51:00,2.75,18,1
09:51:06,2.75,1,1
09:51:09,2.75,12,1
09:51:18,2.75,46,1
09:51:21,2.75,20,1
09:51:24,2.75,4,1
09:51:27,2.75,52,1
09:51:33,2.75,20,1
09:51:36,2.75,19,1
09:51:42,2.75,6,1
09:51:45,2.75,7,1
09:51:48,2.75,13,1
09:51:57,2.75,149,1
09:52:09,2.75,15,1
09:52:15,2.75,1,1
09:52:18,2.75,300,1
09:52:21,2.75,337,1
09:52:27,2.75,344,1
09:52:30,2.75,485,1
09:52:33,2.75,525,1
09:52:36,2.75,6,1
09:52:39,2.75,249,1
09:52:42,2.75,61,1
09:52:45,2.75,13,1
09:52:48,2.75,526,1
09:52:51,2.75,62,1
09:52:54,2.75,30,1
09:52:57,2.75,10,1
09:53:03,2.75,48,1
09:53:06,2.75,20,1
09:53:09,2.75,13,1
09:53:15,2.75,14,1
09:53:18,2.75,5,1
09:53:21,2.75,38,1
09:53:24,2.75,49,1
09:53:30,2.75,1042,1
09:53:33,2.75,24,1
09:53:39,2.75,42,1
09:53:42,2.75,23,1
09:53:45,2.75,4,1
09:53:48,2.75,88,1
09:53:51,2.75,18,1
09:53:54,2.75,50,1
09:53:57,2.75,1,1
09:54:00,2.75,10,1
09:54:03,2.75,388,1
09:54:06,2.75,155,1
09:54:09,2.75,197,1
09:54:12,2.75,124,1
09:54:18,2.75,165,1
09:54:21,2.75,306,1
09:54:24,2.75,6,1
09:54:27,2.75,15,1
09:54:30,2.75,113,1
09:54:33,2.75,5,1
09:54:36,2.75,140,1
09:54:39,2.75,44,1
09:54:42,2.75,26,1
09:54:45,2.75,51,1
09:54:48,2.75,490,1
09:54:51,2.75,19,1
09:54:54,2.75,175,1
09:54:57,2.75,256,1
09:55:00,2.75,230,1
09:55:03,2.75,363,1
09:55:06,2.75,1,1
09:55:09,2.75,28,1
09:55:12,2.75,10,1
09:55:15,2.75,199,1
09:55:18,2.75,110,1
09:55:21,2.75,5,1
09:55:24,2.75,5,1
09:55:27,2.75,291,1
09:55:30,2.75,150,1
09:55:33,2.75,86,1
09:55:36,2.75,19,1
09:55:39,2.75,100,1
09:55:42,2.75,10,1
09:55:45,2.75,23,1
09:55:48,2.75,4,1
09:55:51,2.75,333,1
09:55:54,2.75,9,1
09:55:57,2.75,5,1
09:56:00,2.75,203,1
09:56:06,2.75,45,1
09:56:09,2.75,106,1
09:56:12,2.75,120,1
09:56:18,2.75,40,1
09:56:21,2.75,20,1
09:56:24,2.75,93,1
09:56:27,2.75,1,1
09:56:30,2.75,109,1
09:56:33,2.75,21,1
09:56:36,2.75,8,1
09:56:39,2.75,80,1
09:56:45,2.75,78,1
09:56:48,2.75,205,1
09:56:51,2.75,31,1
09:56:54,2.75,7,1
09:56:57,2.75,38,1
09:57:00,2.75,6,1
09:57:03,2.75,5,1
09:57:06,2.75,20,1
09:57:09,2.75,115,1
09:57:12,2.75,247,1
09:57:15,2.75,27,1
09:57:18,2.75,126,1
09:57:21,2.75,337,1
09:57:24,2.75,6,1
09:57:27,2.75,145,1
09:57:30,2.75,63,1
09:57:33,2.75,145,1
09:57:39,2.75,103,1
09:57:42,2.75,81,1
09:57:45,2.75,1004,1
09:57:48,2.75,258,1
09:57:51,2.75,422,1
09:57:54,2.75,209,1
09:57:57,2.75,334,1
09:58:00,2.75,201,1
09:58:03,2.75,849,1
09:58:06,2.75,688,1
09:58:09,2.75,1172,1
09:58:12,2.75,11879,1
09:58:15,2.75,49878,1
09:58:18,2.75,118883,1
09:58:21,2.75,99241,1
09:58:24,2.75,87285,1
09:58:27,2.75,48687,1
09:58:30,2.75,35312,1
09:58:33,2.75,23730,1
09:58:36,2.75,16887,1
09:58:39,2.75,10160,1
09:58:42,2.75,9091,1
09:58:45,2.75,9219,1
09:58:48,2.75,8496,1
09:58:51,2.75,24611,1
09:58:54,2.75,13774,1
09:58:57,2.75,6894,1
09:59:00,2.75,6729,1
09:59:03,2.75,5360,1
09:59:06,2.75,5319,1
09:59:09,2.75,5696,1
09:59:12,2.75,6230,1
09:59:15,2.75,6722,1
09:59:18,2.75,7032,1
09:59:21,2.75,8650,1
09:59:24,2.75,5261,1
09:59:27,2.75,3637,1
09:59:30,2.75,5419,1
09:59:33,2.75,6722,1
09:59:36,2.75,4497,1
09:59:39,2.75,10041,1
09:59:42,2.75,6925,1
09:59:45,2.75,8712,1
09:59:48,2.75,13308,1
09:59:51,2.75,8226,1
09:59:54,2.75,13211,1
09:59:57,2.75,22687,1
10:00:00,2.75,29646,1
10:00:03,2.75,15563,1
10:00:06,2.75,11750,1
10:00:09,2.75,6355,1
10:00:12,2.75,5050,1
10:00:15,2.76,696,1
10:00:18,2.75,3139,-1
10:00:21,2.76,4726,1
10:00:24,2.75,1509,-1
10:00:27,2.76,1928,1
10:00:30,2.75,4547,-1
10:00:33,2.76,11372,1
10:00:36,2.75,8150,-1
10:00:39,2.75,2914,1
10:00:42,2.75,1644,1
10:00:45,2.75,1452,-1
10:00:48,2.75,712,-1
10:00:51,2.76,1531,1
10:00:54,2.76,1065,1
10:00:57,2.75,3136,-1
10:01:00,2.76,1917,1
10:01:03,2.75,1689,-1
10:01:06,2.76,14904,1
10:01:09,2.76,2972,1
10:01:12,2.75,2379,-1
10:01:15,2.76,3750,1
10:01:18,2.76,4581,1
10:01:21,2.75,3173,-1
10:01:24,2.76,1971,1
10:01:27,2.76,957,-1
10:01:30,2.76,1502,-1
10:01:33,2.76,1639,-1
10:01:36,2.76,2576,-1
10:01:39,2.77,3373,1
10:01:42,2.76,4987,-1
10:01:45,2.76,3003,1
10:01:48,2.76,1334,1
10:01:51,2.76,1510,1
10:01:54,2.76,2751,1
10:01:57,2.76,2832,1
10:02:00,2.75,2454,-1
10:02:03,2.75,5023,-1
10:02:06,2.76,3845,1
10:02:09,2.75,1904,-1
10:02:12,2.75,1854,-1
10:02:15,2.75,2740,-1
10:02:18,2.75,2669,-1
10:02:21,2.76,5726,1
10:02:24,2.75,2886,-1
10:02:27,2.75,1486,1
10:02:30,2.75,1945,1
10:02:33,2.75,1797,1
10:02:36,2.75,776,1
10:02:39,2.75,1394,1
10:02:42,2.75,3381,1
10:02:45,2.75,1726,1
10:02:48,2.75,3471,1
10:02:51,2.75,2081,1
10:02:54,2.75,3066,1
10:02:57,2.75,1795,1
10:03:00,2.75,979,1
10:03:03,2.75,5974,1
10:03:06,2.75,558,-1
10:03:09,2.75,936,-1
10:03:12,2.76,935,1
10:03:15,2.76,2184,1
10:03:18,2.75,1023,-1
10:03:21,2.76,1028,1
10:03:24,2.75,579,-1
10:03:27,2.76,1165,1
10:03:30,2.75,677,-1
10:03:33,2.75,1154,-1
10:03:36,2.75,2093,-1
10:03:39,2.75,1037,-1
10:03:42,2.76,5180,1
10:03:45,2.75,3454,-1
10:03:48,2.75,1757,-1
10:03:51,2.75,1426,-1
10:03:54,2.75,950,-1
10:03:57,2.75,1959,-1
10:04:00,2.75,632,1
10:04:03,2.75,769,1
10:04:06,2.75,942,-1
10:04:09,2.76,922,1
10:04:12,2.75,535,-1
10:04:15,2.75,1247,-1
10:04:18,2.76,1153,1
10:04:21,2.75,621,-1
10:04:24,2.75,316,-1
10:04:27,2.75,1923,-1
10:04:30,2.75,1080,-1
10:04:33,2.75,1238,-1
10:04:36,2.76,1650,1
10:04:39,2.75,536,-1
10:04:42,2.76,1616,1
10:04:45,2.76,922,1
10:04:48,2.75,769,-1
10:04:51,2.75,2297,-1
10:04:54,2.75,1662,-1
10:04:57,2.75,1580,1
10:05:00,2.75,2109,1
10:05:03,2.75,2073,1
10:05:06,2.75,2973,1
10:05:09,2.75,717,-1
10:05:12,2.75,609,1
10:05:15,2.75,1316,1
10:05:18,2.75,1193,1
10:05:21,2.75,560,1
10:05:24,2.75,1710,1
10:05:27,2.75,648,1
10:05:30,2.75,1568,1
10:05:33,2.75,429,1
10:05:36,2.75,747,1
10:05:39,2.75,1308,1
10:05:42,2.75,296,1
10:05:45,2.75,784,1
10:05:48,2.75,1042,1
10:05:51,2.75,296,1
10:05:54,2.75,1309,1
10:05:57,2.75,539,1
10:06:00,2.75,363,1
10:06:03,2.75,708,1
10:06:06,2.75,445,1
10:06:09,2.75,1133,1
10:06:12,2.75,408,1
10:06:15,2.75,146,1
10:06:18,2.75,95,1
10:06:21,2.75,196,1
10:06:24,2.75,1258,1
10:06:27,2.75,373,1
10:06:30,2.75,304,1
10:06:33,2.75,213,1
10:06:36,2.75,605,1
10:06:39,2.75,294,1
10:06:42,2.75,540,1
10:06:45,2.75,1125,1
10:06:48,2.75,680,1
10:06:51,2.75,199,1
10:06:54,2.75,1939,1
10:06:57,2.75,240,1
10:07:00,2.75,4116,1
10:07:03,2.75,2213,1
10:07:06,2.75,5382,1
10:07:09,2.75,4600,1
10:07:12,2.75,3155,1
10:07:15,2.75,5504,1
10:07:18,2.75,4373,1
10:07:21,2.75,778,1
10:07:24,2.75,862,-1
10:07:27,2.75,735,-1
10:07:30,2.75,1231,-1
10:07:33,2.75,645,-1
10:07:36,2.75,521,-1
10:07:39,2.75,815,-1
10:07:42,2.75,1354,-1
10:07:45,2.75,2949,-1
10:07:48,2.75,415,-1
10:07:51,2.75,1235,-1
10:07:54,2.75,1671,-1
10:07:57,2.75,6038,-1
10:08:00,2.76,1123,1
10:08:03,2.75,1096,-1
10:08:06,2.75,654,-1
10:08:09,2.75,412,-1
10:08:12,2.75,623,-1
10:08:15,2.75,970,-1
10:08:18,2.75,458,-1
10:08:21,2.75,750,-1
10:08:24,2.76,1938,1
10:08:27,2.75,1219,-1
10:08:30,2.75,388,-1
10:08:33,2.75,330,-1
10:08:36,2.76,307,1
10:08:39,2.75,513,-1
10:08:42,2.76,857,1
10:08:45,2.76,1501,1
10:08:48,2.75,885,-1
10:08:51,2.75,554,-1
10:08:54,2.75,362,-1
10:08:57,2.75,1170,-1
10:09:00,2.75,456,-1
10:09:03,2.75,575,-1
10:09:06,2.75,447,-1
10:09:09,2.75,906,-1
10:09:12,2.75,870,-1
10:09:15,2.75,174,-1
10:09:18,2.75,410,-1
10:09:21,2.76,449,1
10:09:24,2.76,915,1
10:09:27,2.76,1832,1
10:09:30,2.75,862,-1
10:09:33,2.75,515,-1
10:09:36,2.76,1310,1
10:09:39,2.76,734,1
10:09:42,2.75,645,-1
10:09:45,2.75,1047,-1
10:09:48,2.76,6530,1
10:09:51,2.75,821,-1
10:09:54,2.76,1463,1
10:09:57,2.76,534,1
10:10:00,2.76,802,1
10:10:03,2.76,1433,1
10:10:06,2.76,2440,1
10:10:09,2.76,2356,1
10:10:12,2.75,2057,-1
10:10:15,2.75,1467,-1
10:10:18,2.75,1155,-1
10:10:21,2.75,881,-1
10:10:24,2.76,937,1
10:10:27,2.75,1085,-1
10:10:30,2.75,627,-1
10:10:33,2.75,825,-1
10:10:36,2.76,702,1
10:10:39,2.76,594,1
10:10:42,2.75,722,-1
10:10:45,2.75,813,-1
10:10:48,2.75,1730,-1
10:10:51,2.76,811,1
10:10:54,2.75,552,-1
10:10:57,2.75,432,-1
10:11:00,2.75,1156,-1
10:11:03,2.75,336,-1
10:11:06,2.75,325,-1
10:11:09,2.75,610,-1
10:11:12,2.75,836,-1
10:11:15,2.75,158,-1
10:11:18,2.75,431,-1
10:11:21,2.75,665,-1
10:11:24,2.76,485,1
10:11:27,2.76,795,1
10:11:30,2.75,740,-1
10:11:33,2.75,979,-1
10:11:36,2.75,1148,-1
10:11:39,2.75,658,-1
10:11:42,2.75,642,-1
10:11:45,2.75,1052,-1
10:11:48,2.75,801,-1
10:11:51,2.75,865,-1
10:11:54,2.75,855,-1
10:11:57,2.75,613,-1
10:12:00,2.76,3913,1
10:12:03,2.75,383,-1
10:12:06,2.75,1673,-1
10:12:09,2.76,690,1
10:12:12,2.75,1075,-1
10:12:15,2.75,736,-1
10:12:18,2.75,808,-1
10:12:21,2.75,779,-1
10:12:24,2.75,1697,-1
10:12:27,2.75,1686,-1
10:12:30,2.75,1192,-1
10:12:33,2.75,1627,-1
10:12:36,2.76,769,1
10:12:39,2.75,671,-1
10:12:42,2.75,1170,-1
10:12:45,2.75,482,-1
10:12:48,2.75,756,-1
10:12:51,2.75,294,-1
10:12:54,2.75,427,-1
10:12:57,2.75,455,-1
10:13:00,2.75,865,-1
10:13:03,2.75,647,-1
10:13:06,2.75,684,-1
10:13:09,2.75,179,-1
10:13:12,2.75,661,-1
10:13:15,2.75,1628,-1
10:13:18,2.75,447,-1
10:13:21,2.75,873,-1
10:13:24,2.75,1065,-1
10:13:27,2.75,478,-1
10:13:30,2.75,436,-1
10:13:33,2.75,1757,-1
10:13:36,2.75,325,-1
10:13:39,2.75,786,-1
10:13:42,2.75,253,-1
10:13:45,2.75,556,-1
10:13:48,2.75,1666,-1
10:13:51,2.76,493,1
10:13:54,2.76,641,1
10:13:57,2.75,256,-1
10:14:00,2.75,317,-1
10:14:03,2.75,855,-1
10:14:06,2.75,885,-1
10:14:09,2.75,656,-1
10:14:12,2.75,744,-1
10:14:15,2.75,903,-1
10:14:18,2.75,604,-1
10:14:21,2.75,564,-1
10:14:24,2.75,885,-1
10:14:27,2.75,1485,-1
10:14:30,2.76,2880,1
10:14:33,2.75,1980,-1
10:14:36,2.75,6852,-1
10:14:39,2.75,316,1
10:14:42,2.75,1121,1
10:14:45,2.75,413,1
10:14:48,2.75,656,1
10:14:51,2.75,119,1
10:14:54,2.75,332,1
10:14:57,2.75,702,1
10:15:00,2.75,321,1
10:15:03,2.75,1387,1
10:15:06,2.75,1291,1
10:15:09,2.75,1129,1
10:15:12,2.75,542,1
10:15:15,2.75,214,-1
10:15:18,2.75,191,-1
10:15:21,2.75,169,-1
10:15:24,2.75,791,-1
10:15:27,2.75,306,-1
10:15:30,2.76,318,1
10:15:33,2.75,242,-1
10:15:36,2.75,431,-1
10:15:39,2.75,326,-1
10:15:42,2.75,191,-1
10:15:45,2.75,257,-1
10:15:48,2.75,702,-1
10:15:51,2.75,791,-1
10:15:54,2.75,7155,-1
10:15:57,2.76,202,1
10:16:00,2.75,793,-1
10:16:03,2.75,379,1
10:16:06,2.75,596,1
10:16:09,2.76,947,1
10:16:12,2.75,552,-1
10:16:15,2.75,260,-1
10:16:18,2.75,147,-1
10:16:21,2.75,498,-1
10:16:24,2.75,351,-1
10:16:27,2.75,236,-1
10:16:30,2.75,276,-1
10:16:33,2.75,351,-1
10:16:36,2.75,258,-1
10:16:39,2.75,526,-1
10:16:42,2.75,434,-1
10:16:45,2.75,298,-1
10:16:48,2.75,494,-1
10:16:51,2.76,317,1
10:16:54,2.75,279,-1
10:16:57,2.75,508,-1
10:17:00,2.76,555,1
10:17:03,2.75,735,-1
10:17:06,2.75,339,-1
10:17:09,2.76,249,1
10:17:12,2.75,1074,-1
10:17:15,2.75,238,-1
10:17:18,2.75,288,-1
10:17:21,2.75,772,-1
10:17:24,2.75,129,-1
10:17:27,2.76,557,1
10:17:30,2.75,993,-1
10:17:33,2.75,292,-1
10:17:36,2.75,541,-1
10:17:39,2.76,1255,1
10:17:42,2.76,583,1
10:17:45,2.75,709,-1
10:17:48,2.75,946,-1
10:17:51,2.75,159,-1
10:17:54,2.75,1047,-1
10:17:57,2.75,277,-1
10:18:00,2.75,368,-1
10:18:03,2.75,398,-1
10:18:06,2.75,1079,-1
10:18:09,2.75,606,-1
10:18:12,2.75,1392,-1
10:18:15,2.75,1484,-1
10:18:18,2.75,605,1
10:18:21,2.75,148,1
10:18:24,2.75,674,1
10:18:27,2.75,1120,1
10:18:30,2.75,232,1
10:18:33,2.75,402,-1
10:18:36,2.75,422,-1
10:18:39,2.75,648,-1
10:18:42,2.75,224,1
10:18:45,2.75,50,1
10:18:48,2.75,228,1
10:18:51,2.75,223,1
10:18:54,2.75,585,1
10:18:57,2.75,496,1
10:19:00,2.75,621,1
10:19:03,2.75,210,1
10:19:06,2.75,236,1
10:19:09,2.75,251,1
10:19:12,2.75,861,1
10:19:15,2.75,542,1
10:19:18,2.75,251,1
10:19:21,2.75,479,1
10:19:24,2.75,172,1
10:19:27,2.75,277,1
10:19:30,2.75,326,1
10:19:33,2.75,1496,1
10:19:36,2.75,2956,1
10:19:39,2.75,703,1
10:19:42,2.75,1338,1
10:19:45,2.75,486,1
10:19:48,2.75,201,-1
10:19:51,2.75,280,-1
10:19:54,2.75,128,-1
10:19:57,2.75,448,-1
10:20:00,2.75,107,-1
10:20:03,2.75,284,-1
10:20:06,2.76,157,1
10:20:09,2.75,308,-1
10:20:12,2.75,1261,-1
10:20:15,2.75,256,-1
10:20:18,2.75,1620,-1
10:20:21,2.75,505,-1
10:20:24,2.75,280,-1
10:20:27,2.75,224,-1
10:20:30,2.75,427,-1
10:20:33,2.75,137,-1
10:20:36,2.75,222,-1
10:20:39,2.75,424,-1
10:20:42,2.75,204,-1
10:20:45,2.75,1259,-1
10:20:48,2.75,200,-1
10:20:51,2.75,403,-1
10:20:54,2.75,201,-1
10:20:57,2.75,193,-1
10:21:00,2.76,320,1
10:21:03,2.75,251,-1
10:21:06,2.75,114,-1
10:21:09,2.76,418,1
10:21:12,2.75,168,-1
10:21:15,2.75,718,-1
10:21:18,2.75,291,-1
10:21:21,2.75,98,-1
10:21:24,2.75,766,-1
10:21:27,2.75,460,-1
10:21:30,2.75,1248,-1
10:21:33,2.75,187,-1
10:21:36,2.75,295,-1
10:21:39,2.75,460,-1
10:21:42,2.76,621,1
10:21:45,2.75,339,-1
10:21:48,2.75,885,-1
10:21:51,2.75,171,-1
10:21:54,2.75,155,-1
10:21:57,2.75,267,-1
10:22:00,2.75,377,-1
10:22:03,2.75,226,-1
10:22:06,2.75,379,-1
10:22:09,2.75,101,-1
10:22:12,2.75,512,-1
10:22:15,2.75,242,-1
10:22:18,2.75,507,-1
10:22:21,2.75,871,-1
10:22:24,2.75,209,-1
10:22:27,2.75,260,-1
10:22:30,2.75,563,-1
10:22:33,2.75,369,-1
10:22:36,2.75,910,-1
10:22:39,2.75,356,-1
10:22:42,2.75,274,-1
10:22:45,2.75,169,-1
10:22:48,2.75,357,-1
10:22:51,2.75,405,-1
10:22:54,2.76,288,1
10:22:57,2.75,196,-1
10:23:00,2.75,162,-1
10:23:03,2.75,341,-1
10:23:06,2.75,325,-1
10:23:09,2.75,381,-1
10:23:12,2.75,81,-1
10:23:15,2.75,220,-1
10:23:18,2.75,372,-1
10:23:21,2.75,416,-1
10:23:24,2.75,440,-1
10:23:27,2.75,184,-1
10:23:30,2.75,159,-1
10:23:33,2.75,266,-1
10:23:36,2.75,148,-1
10:23:39,2.76,127,1
10:23:42,2.75,209,-1
10:23:45,2.75,469,-1
10:23:48,2.75,405,-1
10:23:51,2.75,844,-1
10:23:54,2.75,35,-1
10:23:57,2.76,451,1
10:24:00,2.75,141,-1
10:24:03,2.75,147,-1
10:24:06,2.75,177,-1
10:24:09,2.76,354,1
10:24:12,2.75,372,-1
10:24:15,2.75,367,-1
10:24:18,2.75,69,-1
10:24:21,2.75,175,-1
10:24:24,2.75,447,-1
10:24:27,2.75,274,-1
10:24:30,2.75,608,-1
10:24:33,2.75,1433,-1
10:24:36,2.76,531,1
10:24:39,2.76,275,1
10:24:42,2.76,486,1
10:24:45,2.75,327,-1
10:24:48,2.76,1440,1
10:24:51,2.76,804,1
10:24:54,2.76,808,1
10:24:57,2.76,381,1
10:25:00,2.75,535,-1
10:25:03,2.76,1450,1
10:25:06,2.76,364,1
10:25:09,2.76,361,1
10:25:12,2.75,487,-1
10:25:15,2.76,1353,1
10:25:18,2.75,621,-1
10:25:21,2.76,300,1
10:25:24,2.76,524,1
10:25:27,2.75,291,-1
10:25:30,2.75,287,-1
10:25:33,2.75,215,-1
10:25:36,2.75,1656,-1
10:25:39,2.76,484,1
10:25:42,2.75,353,-1
10:25:45,2.75,1079,-1
10:25:48,2.75,393,-1
10:25:51,2.75,443,-1
10:25:54,2.75,421,-1
10:25:57,2.75,348,-1
10:26:00,2.76,754,1
10:26:03,2.75,164,-1
10:26:06,2.75,324,-1
10:26:09,2.75,336,-1
10:26:12,2.76,544,1
10:26:15,2.76,540,1
10:26:18,2.75,292,-1
10:26:21,2.75,439,-1
10:26:24,2.75,365,-1
10:26:27,2.75,524,-1
10:26:30,2.76,464,1
10:26:33,2.75,356,-1
10:26:36,2.75,661,-1
10:26:39,2.75,191,-1
10:26:42,2.76,593,1
10:26:45,2.76,271,1
10:26:48,2.75,782,-1
10:26:51,2.75,124,-1
10:26:54,2.75,3083,-1
10:26:57,2.76,493,1
10:27:00,2.75,668,-1
10:27:03,2.75,220,-1
10:27:06,2.75,138,-1
10:27:09,2.75,387,-1
10:27:12,2.76,177,1
10:27:15,2.76,440,1
10:27:18,2.75,1313,-1
10:27:21,2.75,134,-1
10:27:24,2.75,424,-1
10:27:27,2.75,469,-1
10:27:30,2.75,204,-1
10:27:33,2.75,601,-1
10:27:36,2.75,167,-1
10:27:39,2.75,340,-1
10:27:42,2.75,1024,-1
10:27:45,2.75,318,-1
10:27:48,2.75,575,-1
10:27:51,2.75,334,-1
10:27:54,2.75,368,-1
10:27:57,2.76,476,1
10:28:00,2.76,689,1
10:28:03,2.75,1373,-1
10:28:06,2.75,496,-1
10:28:09,2.75,661,-1
10:28:12,2.75,439,-1
10:28:15,2.75,606,-1
10:28:18,2.76,110,1
10:28:21,2.75,789,-1
10:28:24,2.75,508,-1
10:28:27,2.75,271,-1
10:28:30,2.75,182,-1
10:28:33,2.75,187,-1
10:28:36,2.75,247,-1
10:28:39,2.75,398,-1
10:28:42,2.75,636,-1
10:28:45,2.75,373,-1
10:28:48,2.75,475,-1
10:28:51,2.75,344,-1
10:28:54,2.75,123,-1
10:28:57,2.75,370,-1
10:29:00,2.75,330,-1
10:29:03,2.75,299,-1
10:29:06,2.75,372,-1
10:29:09,2.75,61,-1
10:29:12,2.76,165,1
10:29:15,2.75,296,-1
10:29:18,2.76,132,1
10:29:21,2.75,217,-1
10:29:24,2.75,392,-1
10:29:27,2.76,168,1
10:29:30,2.75,207,-1
10:29:33,2.75,199,-1
10:29:36,2.75,350,-1
10:29:39,2.75,48,-1
10:29:42,2.75,137,-1
10:29:45,2.75,79,-1
10:29:48,2.75,381,-1
10:29:51,2.75,1363,-1
10:29:54,2.75,1382,-1
10:29:57,2.76,316,1
10:30:00,2.75,99,-1
10:30:03,2.75,157,-1
10:30:06,2.75,13,-1
10:30:09,2.75,123,-1
10:30:12,2.75,243,-1
10:30:15,2.75,342,-1
10:30:18,2.75,254,-1
10:30:21,2.76,440,1
10:30:24,2.75,104,-1
10:30:27,2.75,94,-1
10:30:30,2.76,392,1
10:30:33,2.75,711,-1
10:30:36,2.76,156,1
10:30:39,2.75,181,-1
10:30:42,2.75,151,-1
10:30:45,2.75,522,-1
10:30:48,2.75,467,-1
10:30:51,2.76,1116,1
10:30:54,2.76,188,1
10:30:57,2.75,419,-1
10:31:00,2.76,172,1
10:31:03,2.75,275,-1
10:31:06,2.76,584,1
10:31:09,2.76,916,1
10:31:12,2.76,282,1
10:31:15,2.75,287,-1
10:31:18,2.76,346,1
10:31:21,2.76,456,1
10:31:24,2.76,485,1
10:31:27,2.75,571,-1
10:31:30,2.76,367,1
10:31:33,2.76,473,1
10:31:36,2.76,471,1
10:31:39,2.76,398,1
10:31:42,2.75,162,-1
10:31:45,2.76,414,1
10:31:48,2.75,755,-1
10:31:51,2.76,271,1
10:31:54,2.76,234,1
10:31:57,2.75,100,-1
10:32:00,2.76,1528,1
10:32:03,2.76,192,1
10:32:06,2.76,253,1
10:32:09,2.76,121,1
10:32:12,2.75,571,-1
10:32:15,2.76,234,1
10:32:18,2.76,862,1
10:32:21,2.76,159,1
10:32:24,2.76,571,1
10:32:27,2.76,266,1
10:32:30,2.76,956,1
10:32:33,2.76,247,1
10:32:36,2.76,275,1
10:32:39,2.76,188,1
10:32:42,2.76,441,1
10:32:45,2.75,615,-1
10:32:48,2.76,262,1
10:32:51,2.76,811,1
10:32:54,2.75,442,-1
10:32:57,2.76,669,1
10:33:00,2.76,630,1
10:33:03,2.76,104,1
10:33:06,2.75,975,-1
10:33:09,2.76,528,1
10:33:12,2.75,230,-1
10:33:15,2.75,365,-1
10:33:18,2.76,741,1
10:33:21,2.75,486,-1
10:33:24,2.76,185,1
10:33:27,2.76,726,1
10:33:30,2.76,1389,1
10:33:33,2.76,753,1
10:33:36,2.76,230,-1
10:33:39,2.76,132,-1
10:33:42,2.76,379,-1
10:33:45,2.76,127,-1
10:33:48,2.77,232,1
10:33:51,2.76,263,-1
10:33:54,2.76,3756,-1
10:33:57,2.76,196,1
10:34:00,2.76,3210,1
10:34:03,2.75,663,-1
10:34:06,2.76,1570,1
10:34:09,2.76,267,1
10:34:12,2.75,466,-1
10:34:15,2.75,958,-1
10:34:18,2.75,311,-1
10:34:21,2.75,102,-1
10:34:24,2.75,370,-1
10:34:27,2.75,63,-1
10:34:30,2.75,27,-1
10:34:33,2.75,224,-1
10:34:36,2.75,282,-1
10:34:39,2.76,643,1
10:34:42,2.75,344,-1
10:34:45,2.75,149,-1
10:34:48,2.75,265,-1
10:34:51,2.75,367,-1
10:34:54,2.75,521,-1
10:34:57,2.75,170,-1
10:35:00,2.76,120,1
10:35:03,2.76,46,1
10:35:06,2.75,429,-1
10:35:09,2.76,612,1
10:35:12,2.75,373,-1
10:35:15,2.76,63,1
10:35:18,2.75,2935,-1
10:35:21,2.75,467,-1
10:35:24,2.76,327,1
10:35:27,2.76,2539,1
10:35:30,2.76,372,-1
10:35:33,2.76,78,1
10:35:36,2.76,415,1
10:35:39,2.76,133,1
10:35:42,2.75,203,-1
10:35:45,2.76,1441,1
10:35:48,2.76,1803,1
10:35:51,2.75,992,-1
10:35:54,2.75,227,-1
10:35:57,2.76,330,1
10:36:00,2.76,175,1
10:36:03,2.76,215,1
10:36:06,2.76,68,1
10:36:09,2.75,522,-1
10:36:12,2.75,29,-1
10:36:15,2.75,607,-1
10:36:18,2.75,1078,-1
10:36:21,2.76,48,1
10:36:24,2.76,754,1
10:36:27,2.76,228,1
10:36:30,2.76,220,1
10:36:33,2.76,220,1
10:36:36,2.75,211,-1
10:36:39,2.75,2401,-1
10:36:42,2.76,437,1
10:36:45,2.76,221,1
10:36:48,2.76,147,1
10:36:51,2.76,315,1
10:36:54,2.76,185,1
10:36:57,2.76,733,1
10:37:00,2.76,204,1
10:37:03,2.76,335,1
10:37:06,2.76,1354,1
10:37:09,2.76,431,1
10:37:12,2.76,700,1
10:37:15,2.76,1301,-1
10:37:18,2.76,416,-1
10:37:21,2.76,280,-1
10:37:24,2.77,47,1
10:37:27,2.76,1125,-1
10:37:30,2.76,74,-1
10:37:33,2.76,1240,-1
10:37:36,2.77,27,1
10:37:39,2.77,419,1
10:37:42,2.77,134,1
10:37:45,2.77,31,1
10:37:48,2.77,53,1
10:37:51,2.77,1385,1
10:37:54,2.76,562,-1
10:37:57,2.77,195,1
10:38:00,2.76,1385,-1
10:38:03,2.77,666,1
10:38:06,2.77,432,1
10:38:09,2.76,535,-1
10:38:12,2.77,213,1
10:38:15,2.76,672,-1
10:38:18,2.77,1527,1
10:38:21,2.77,505,-1
10:38:24,2.77,370,1
10:38:27,2.77,24,-1
10:38:30,2.78,979,1
10:38:33,2.77,366,-1
10:38:36,2.78,1329,1
10:38:39,2.77,439,-1
10:38:42,2.78,498,1
10:38:45,2.78,620,1
10:38:48,2.78,193,1
10:38:51,2.77,1188,-1
10:38:54,2.78,1283,1
10:38:57,2.78,687,1
10:39:00,2.78,695,1
10:39:03,2.78,1011,1
10:39:06,2.78,334,1
10:39:09,2.79,396,1
10:39:12,2.79,47,1
10:39:15,2.78,494,-1
10:39:18,2.79,595,1
10:39:21,2.79,262,1
10:39:24,2.8,220,1
10:39:27,2.8,654,1
10:39:30,2.8,1369,1
10:39:33,2.81,418,1
10:39:36,2.81,130,1
10:39:39,2.82,391,1
10:39:42,2.82,288,1
10:39:45,2.82,331,-1
10:39:48,2.82,677,-1
10:39:51,2.79,9575,-1
10:39:54,2.79,2188,-1
10:39:57,2.82,263,-1
10:40:00,2.81,905,-1
10:40:03,2.81,2849,1
10:40:06,2.81,273,1
10:40:09,2.82,398,1
10:40:12,2.82,563,1
10:40:15,2.81,1932,-1
10:40:18,2.81,326,-1
10:40:21,2.82,925,1
10:40:24,2.82,312,-1
10:40:27,2.83,486,1
10:40:30,2.83,738,1
10:40:33,2.83,895,1
10:40:36,2.83,1029,1
10:40:39,2.83,752,1
10:40:42,2.84,224,1
10:40:45,2.84,294,1
10:40:48,2.84,539,1
10:40:51,2.84,1165,1
10:40:54,2.82,5170,-1
10:40:57,2.84,1421,1
10:41:00,2.83,349,-1
10:41:03,2.83,1085,1
10:41:06,2.83,426,-1
10:41:09,2.83,523,-1
10:41:12,2.83,587,-1
10:41:15,2.82,961,-1
10:41:18,2.83,394,1
10:41:21,2.83,505,-1
10:41:24,2.84,567,1
10:41:27,2.84,2330,1
10:41:30,2.85,277,1
10:41:33,2.85,143,1
10:41:36,2.85,799,1
10:41:39,2.85,620,1
10:41:42,2.85,663,1
10:41:45,2.85,1503,1
10:41:48,2.85,2288,1
10:41:51,2.86,418,1
10:41:54,2.85,283,-1
10:41:57,2.86,633,1
10:42:00,2.86,219,-1
10:42:03,2.85,2132,-1
10:42:06,2.87,239,1
10:42:09,2.86,2655,-1
10:42:12,2.84,3493,-1
10:42:15,2.83,2190,-1
10:42:18,2.84,795,1
10:42:21,2.85,642,1
10:42:24,2.84,349,-1
10:42:27,2.85,76,1
10:42:30,2.85,86,-1
10:42:33,2.85,49,-1
10:42:36,2.86,1252,1
10:42:39,2.85,290,-1
10:42:42,2.85,986,-1
10:42:45,2.86,198,1
10:42:48,2.86,476,1
10:42:51,2.86,739,1
10:42:54,2.86,711,1
10:42:57,2.86,614,1
10:43:00,2.86,166,1
10:43:03,2.83,4309,-1
10:43:06,2.84,1171,1
10:43:09,2.83,608,-1
10:43:12,2.83,544,-1
10:43:15,2.83,707,-1
10:43:18,2.84,343,1
10:43:21,2.84,1422,-1
10:43:24,2.84,319,-1
10:43:27,2.84,170,1
10:43:30,2.83,1043,-1
10:43:33,2.83,228,-1
10:43:36,2.84,223,1
10:43:39,2.83,173,-1
10:43:42,2.83,2005,-1
10:43:45,2.84,514,1
10:43:48,2.84,112,1
10:43:51,2.84,393,1
10:43:54,2.84,532,1
10:43:57,2.84,1026,1
10:44:00,2.84,340,-1
10:44:03,2.84,1613,-1
10:44:06,2.84,288,1
10:44:09,2.84,134,1
10:44:12,2.83,954,-1
10:44:15,2.84,502,1
10:44:18,2.84,453,1
10:44:21,2.83,123,-1
10:44:24,2.84,330,1
10:44:27,2.84,243,1
10:44:30,2.84,219,1
10:44:33,2.83,1772,-1
10:44:36,2.83,1872,-1
10:44:39,2.83,653,1
10:44:42,2.83,135,1
10:44:45,2.82,210,-1
10:44:48,2.82,76,-1
10:44:51,2.82,273,-1
10:44:54,2.82,168,-1
10:44:57,2.82,547,-1
10:45:00,2.82,584,-1
10:45:03,2.82,1098,-1
10:45:06,2.81,504,-1
10:45:09,2.81,267,-1
10:45:12,2.81,133,-1
10:45:15,2.81,399,-1
10:45:18,2.81,1695,-1
10:45:21,2.8,513,-1
10:45:24,2.8,213,-1
10:45:27,2.8,915,-1
10:45:30,2.81,655,1
10:45:33,2.8,895,-1
10:45:36,2.8,163,-1
10:45:39,2.8,102,-1
10:45:42,2.81,149,1
10:45:45,2.81,53,1
10:45:48,2.8,364,-1
10:45:51,2.8,365,-1
10:45:54,2.8,75,-1
10:45:57,2.8,76,-1
10:46:00,2.8,294,-1
10:46:03,2.81,1804,1
10:46:06,2.8,378,-1
10:46:09,2.8,1076,-1
10:46:12,2.8,464,1
10:46:15,2.8,519,1
10:46:18,2.79,245,-1
10:46:21,2.8,913,1
10:46:24,2.8,300,1
10:46:27,2.8,242,1
10:46:30,2.79,307,-1
10:46:33,2.79,404,-1
10:46:36,2.8,335,1
10:46:39,2.8,244,1
10:46:42,2.78,2977,-1
10:46:45,2.79,130,1
10:46:48,2.78,31,-1
10:46:51,2.78,198,-1
10:46:54,2.78,218,-1
10:46:57,2.78,478,-1
10:47:00,2.78,290,-1
10:47:03,2.78,496,-1
10:47:06,2.79,457,1
10:47:09,2.78,538,-1
10:47:12,2.79,277,1
10:47:15,2.79,113,-1
10:47:18,2.8,749,1
10:47:21,2.8,240,1
10:47:24,2.8,775,1
10:47:27,2.8,677,1
10:47:30,2.8,158,1
10:47:33,2.8,754,1
10:47:36,2.79,791,-1
10:47:39,2.8,424,1
10:47:42,2.8,460,1
10:47:45,2.8,53,1
10:47:48,2.8,52,-1
10:47:51,2.81,240,1
10:47:54,2.81,386,1
10:47:57,2.81,574,1
10:48:00,2.81,213,1
10:48:03,2.81,1144,-1
10:48:06,2.82,44,1
10:48:09,2.82,84,1
10:48:12,2.81,248,-1
10:48:15,2.82,210,1
10:48:18,2.82,99,1
10:48:21,2.82,191,1
10:48:24,2.82,89,-1
10:48:27,2.82,180,-1
10:48:30,2.83,157,1
10:48:33,2.83,88,1
10:48:36,2.83,952,1
10:48:39,2.83,291,-1
10:48:42,2.83,2027,1
10:48:45,2.83,234,1
10:48:48,2.83,159,1
10:48:51,2.83,251,1
10:48:54,2.83,236,1
10:48:57,2.82,179,-1
10:49:00,2.83,154,1
10:49:03,2.83,494,1
10:49:06,2.82,154,-1
10:49:09,2.83,541,1
10:49:12,2.83,69,1
10:49:15,2.82,148,-1
10:49:18,2.83,206,1
10:49:21,2.83,113,1
10:49:24,2.82,180,-1
10:49:27,2.82,147,-1
10:49:30,2.82,130,-1
10:49:33,2.83,98,1
10:49:36,2.82,93,-1
10:49:39,2.83,125,1
10:49:42,2.83,119,1
10:49:45,2.82,297,-1
10:49:48,2.82,98,-1
10:49:51,2.83,322,1
10:49:54,2.83,2282,1
10:49:57,2.82,141,1
10:50:00,2.83,568,1
10:50:03,2.81,501,-1
10:50:06,2.81,184,-1
10:50:09,2.8,214,-1
10:50:12,2.81,25,1
10:50:15,2.81,254,1
10:50:18,2.81,17,1
10:50:21,2.81,637,1
10:50:24,2.81,201,1
10:50:27,2.8,2419,-1
10:50:30,2.8,46,1
10:50:33,2.8,237,1
10:50:36,2.8,124,-1
10:50:39,2.8,120,1
10:50:42,2.8,88,1
10:50:45,2.8,540,-1
10:50:48,2.79,466,-1
10:50:51,2.79,325,-1
10:50:54,2.79,199,-1
10:50:57,2.8,48,1
10:51:00,2.79,2647,-1
10:51:03,2.79,416,1
10:51:06,2.8,704,1
10:51:09,2.79,76,1
10:51:12,2.79,632,1
10:51:15,2.8,886,1
10:51:18,2.79,2499,-1
10:51:21,2.79,567,-1
10:51:24,2.79,2197,-1
10:51:27,2.79,146,1
10:51:30,2.79,2373,1
10:51:33,2.78,1468,-1
10:51:36,2.77,39,-1
10:51:39,2.77,167,-1
10:51:42,2.77,169,-1
10:51:45,2.77,497,-1
10:51:48,2.77,170,-1
10:51:51,2.77,225,-1
10:51:54,2.78,587,1
10:51:57,2.78,299,1
10:52:00,2.77,378,-1
10:52:03,2.77,1512,-1
10:52:06,2.78,579,1
10:52:09,2.77,155,-1
10:52:12,2.77,292,-1
10:52:15,2.77,519,-1
10:52:18,2.78,1243,1
10:52:21,2.76,646,-1
10:52:24,2.77,86,1
10:52:27,2.77,93,1
10:52:30,2.77,240,1
10:52:33,2.77,1295,-1
10:52:36,2.77,427,-1
10:52:39,2.78,373,1
10:52:42,2.77,87,-1
10:52:45,2.78,74,1
10:52:48,2.77,444,-1
10:52:51,2.78,43,1
10:52:54,2.78,945,1
10:52:57,2.78,62,1
10:53:00,2.77,97,-1
10:53:03,2.78,32,1
10:53:06,2.77,573,-1
10:53:09,2.77,92,-1
10:53:12,2.78,63,1
10:53:15,2.77,244,-1
10:53:18,2.77,545,-1
10:53:21,2.77,19,-1
10:53:24,2.78,150,1
10:53:27,2.77,125,-1
10:53:30,2.77,74,-1
10:53:33,2.77,49,-1
10:53:36,2.77,111,-1
10:53:39,2.77,326,-1
10:53:42,2.77,565,-1
10:53:45,2.77,2083,-1
10:53:48,2.77,111,1
10:53:51,2.76,873,-1
10:53:54,2.76,2732,-1
10:53:57,2.76,105,-1
10:54:00,2.77,321,1
10:54:03,2.76,1050,-1
10:54:06,2.77,1673,1
10:54:09,2.77,278,1
10:54:12,2.77,229,1
10:54:15,2.76,602,-1
10:54:18,2.77,84,1
10:54:21,2.77,151,1
10:54:24,2.77,251,1
10:54:27,2.77,328,1
10:54:30,2.77,689,1
10:54:33,2.77,424,1
10:54:36,2.76,542,-1
10:54:39,2.76,366,-1
10:54:42,2.77,250,1
10:54:45,2.77,159,1
10:54:48,2.77,188,1
10:54:51,2.77,380,1
10:54:54,2.77,712,1
10:54:57,2.77,383,1
10:55:00,2.77,129,-1
10:55:03,2.77,239,-1
10:55:06,2.77,92,-1
10:55:09,2.77,35,-1
10:55:12,2.78,374,1
10:55:15,2.78,331,1
10:55:18,2.78,325,1
10:55:21,2.78,159,1
10:55:24,2.78,258,1
10:55:27,2.79,360,1
10:55:30,2.79,31,1
10:55:33,2.79,6,1
10:55:36,2.78,182,-1
10:55:39,2.79,52,1
10:55:42,2.79,325,1
10:55:45,2.79,59,1
10:55:48,2.79,63,1
10:55:51,2.78,7,-1
10:55:54,2.79,230,1
10:55:57,2.79,461,1
10:56:00,2.78,85,-1
10:56:03,2.79,339,1
10:56:06,2.79,304,1
10:56:09,2.78,83,-1
10:56:12,2.79,211,1
10:56:15,2.79,403,-1
10:56:18,2.79,33,-1
10:56:21,2.8,142,1
10:56:24,2.79,190,-1
10:56:27,2.8,185,1
10:56:30,2.8,229,1
10:56:33,2.78,182,-1
10:56:36,2.78,52,-1
10:56:39,2.79,117,1
10:56:42,2.78,149,-1
10:56:45,2.79,31,1
10:56:48,2.78,458,-1
10:56:51,2.79,197,1
10:56:54,2.78,119,-1
10:56:57,2.78,158,-1
10:57:00,2.78,43,-1
10:57:03,2.78,144,-1
10:57:06,2.78,81,-1
10:57:09,2.79,183,1
10:57:12,2.79,81,1
10:57:15,2.78,203,-1
10:57:18,2.79,423,-1
10:57:21,2.79,32,-1
10:57:24,2.79,82,-1
10:57:27,2.79,248,1
10:57:30,2.79,9,-1
10:57:33,2.79,215,-1
10:57:36,2.79,343,-1
10:57:39,2.79,68,-1
10:57:42,2.8,19,1
10:57:45,2.79,92,-1
10:57:48,2.79,39,-1
10:57:51,2.79,5,-1
10:57:54,2.8,44,1
10:57:57,2.8,118,1
10:58:00,2.8,590,1
10:58:03,2.8,451,1
10:58:06,2.8,699,1
10:58:09,2.8,93,1
10:58:12,2.79,188,-1
10:58:15,2.79,491,-1
10:58:18,2.79,174,-1
10:58:21,2.79,451,-1
10:58:24,2.8,25,1
10:58:27,2.8,100,1
10:58:30,2.8,8,1
10:58:33,2.8,412,1
10:58:36,2.8,79,1
10:58:39,2.8,98,1
10:58:42,2.8,112,1
10:58:45,2.8,95,1
10:58:48,2.79,74,-1
10:58:51,2.8,722,1
10:58:54,2.8,188,1
10:58:57,2.8,127,-1
10:59:00,2.8,156,-1
10:59:03,2.8,374,-1
10:59:06,2.81,216,1
10:59:09,2.8,760,-1
10:59:12,2.8,224,1
10:59:15,2.8,232,-1
10:59:18,2.8,36,-1
10:59:21,2.8,134,-1
10:59:24,2.8,176,-1
10:59:27,2.8,820,-1
10:59:30,2.8,211,1
10:59:33,2.8,48,1
10:59:36,2.79,8769,-1
10:59:39,2.78,202,-1
10:59:42,2.78,236,1
10:59:45,2.77,49,-1
10:59:48,2.78,43,1
10:59:51,2.77,219,-1
10:59:54,2.78,159,1
10:59:57,2.77,154,-1
11:00:00,2.77,186,-1
11:00:03,2.77,169,-1
11:00:06,2.77,208,-1
11:00:09,2.77,211,-1
11:00:12,2.77,62,-1
11:00:15,2.77,78,-1
11:00:18,2.77,28,-1
11:00:21,2.78,173,1
11:00:24,2.77,273,-1
11:00:27,2.77,248,-1
11:00:30,2.77,84,-1
11:00:33,2.78,420,1
11:00:36,2.77,54,-1
11:00:39,2.77,340,-1
11:00:42,2.78,44,1
11:00:45,2.77,18,-1
11:00:48,2.77,122,-1
11:00:51,2.77,84,-1
11:00:54,2.78,87,1
11:00:57,2.77,253,-1
11:01:00,2.77,118,-1
11:01:03,2.77,229,-1
11:01:06,2.77,154,-1
11:01:09,2.78,113,1
11:01:12,2.78,345,1
11:01:15,2.79,91,1
11:01:18,2.78,882,-1
11:01:21,2.78,10,-1
11:01:24,2.78,74,-1
11:01:27,2.78,214,1
11:01:30,2.78,9,-1
11:01:33,2.78,364,-1
11:01:36,2.78,317,-1
11:01:39,2.78,67,1
11:01:42,2.78,76,1
11:01:45,2.77,496,-1
11:01:48,2.77,209,-1
11:01:51,2.77,193,-1
11:01:54,2.77,101,-1
11:01:57,2.78,45,1
11:02:00,2.77,239,-1
11:02:03,2.77,387,-1
11:02:06,2.78,142,1
11:02:09,2.78,289,1
11:02:12,2.78,104,1
11:02:15,2.78,141,1
11:02:18,2.77,297,-1
11:02:21,2.77,130,-1
11:02:24,2.78,364,1
11:02:27,2.77,61,-1
11:02:30,2.78,272,1
11:02:33,2.77,76,-1
11:02:36,2.78,24,1
11:02:39,2.78,196,1
11:02:42,2.77,118,-1
11:02:45,2.77,2512,-1
11:02:48,2.77,9,-1
11:02:51,2.77,121,-1
11:02:54,2.77,64,-1
11:02:57,2.77,327,-1
11:03:00,2.77,218,-1
11:03:03,2.77,16,-1
11:03:06,2.77,75,-1
11:03:09,2.77,137,-1
11:03:12,2.78,89,1
11:03:15,2.77,1468,-1
11:03:18,2.77,3,-1
11:03:21,2.78,182,1
11:03:24,2.77,43,-1
11:03:27,2.78,49,1
11:03:30,2.78,479,1
11:03:33,2.78,77,1
11:03:36,2.78,51,1
11:03:39,2.77,93,-1
11:03:42,2.78,405,1
11:03:45,2.77,1072,-1
11:03:48,2.77,221,-1
11:03:51,2.78,48,1
11:03:54,2.78,217,1
11:03:57,2.77,55,-1
11:04:00,2.77,302,-1
11:04:03,2.76,7355,-1
11:04:06,2.77,24,1
11:04:09,2.77,52,1
11:04:12,2.76,10,-1
11:04:15,2.77,404,1
11:04:18,2.77,89,1
11:04:21,2.77,159,1
11:04:24,2.77,653,1
11:04:27,2.77,222,1
11:04:30,2.76,261,-1
11:04:33,2.76,116,-1
11:04:36,2.77,369,1
11:04:39,2.77,40,-1
11:04:42,2.77,59,-1
11:04:45,2.77,620,-1
11:04:48,2.77,117,1
11:04:51,2.77,61,1
11:04:54,2.77,57,1
11:04:57,2.76,312,-1
11:05:00,2.76,276,-1
11:05:03,2.77,75,1
11:05:06,2.76,42,-1
11:05:09,2.76,76,-1
11:05:12,2.77,205,1
11:05:15,2.76,242,-1
11:05:18,2.77,119,1
11:05:21,2.76,83,-1
11:05:24,2.77,164,1
11:05:27,2.77,63,1
11:05:30,2.77,365,1
11:05:33,2.77,109,1
11:05:36,2.77,62,1
11:05:39,2.76,270,-1
11:05:42,2.77,45,1
11:05:45,2.76,35,-1
11:05:48,2.77,21,1
11:05:51,2.76,116,-1
11:05:54,2.77,94,1
11:05:57,2.76,142,-1
11:06:00,2.76,152,-1
11:06:03,2.76,104,-1
11:06:06,2.76,91,-1
11:06:09,2.76,102,-1
11:06:12,2.76,329,-1
11:06:15,2.76,598,-1
11:06:18,2.76,194,-1
11:06:21,2.77,72,1
11:06:24,2.76,492,-1
11:06:27,2.76,124,-1
11:06:30,2.76,1100,-1
11:06:33,2.76,275,-1
11:06:36,2.76,646,-1
11:06:39,2.76,109,-1
11:06:42,2.77,63,1
11:06:45,2.76,527,-1
11:06:48,2.76,169,-1
11:06:51,2.77,537,1
11:06:54,2.76,327,-1
11:06:57,2.76,8,-1
11:07:00,2.77,31,1
11:07:03,2.76,355,-1
11:07:06,2.76,256,-1
11:07:09,2.76,248,-1
11:07:12,2.76,56,-1
11:07:15,2.77,167,1
11:07:18,2.76,55,-1
11:07:21,2.76,272,-1
11:07:24,2.77,229,1
11:07:27,2.77,327,1
11:07:30,2.77,149,1
11:07:33,2.76,272,-1
11:07:36,2.77,178,1
11:07:39,2.77,61,1
11:07:42,2.77,248,1
11:07:45,2.76,104,-1
11:07:48,2.77,859,1
11:07:51,2.76,440,-1
11:07:54,2.77,271,1
11:07:57,2.76,188,-1
11:08:00,2.76,627,-1
11:08:03,2.76,27,-1
11:08:06,2.77,57,1
11:08:09,2.76,76,-1
11:08:12,2.76,10,-1
11:08:15,2.77,63,1
11:08:18,2.76,65,-1
11:08:21,2.76,148,-1
11:08:24,2.76,297,-1
11:08:27,2.76,66,-1
11:08:30,2.77,136,1
11:08:33,2.76,50,-1
11:08:36,2.76,27,-1
11:08:39,2.76,69,-1
11:08:42,2.77,275,1
11:08:45,2.76,11,-1
11:08:48,2.76,7,-1
11:08:51,2.77,4512,1
11:08:54,2.77,382,1
11:08:57,2.77,137,1
11:09:00,2.77,289,1
11:09:03,2.76,140,-1
11:09:06,2.76,241,-1
11:09:09,2.76,98,-1
11:09:12,2.77,4,1
11:09:15,2.76,307,-1
11:09:18,2.77,65,1
11:09:21,2.76,39,-1
11:09:24,2.76,217,-1
11:09:27,2.76,35,-1
11:09:30,2.77,94,1
11:09:33,2.77,10,1
11:09:36,2.77,57,1
11:09:39,2.77,390,1
11:09:42,2.77,167,1
11:09:45,2.77,38,1
11:09:48,2.77,6319,1
11:09:51,2.77,200,1
11:09:54,2.77,173,1
11:09:57,2.77,432,1
11:10:00,2.76,309,-1
11:10:03,2.77,1377,1
11:10:06,2.76,270,-1
11:10:09,2.77,40,1
11:10:12,2.76,309,-1
11:10:15,2.76,104,-1
11:10:18,2.77,85,1
11:10:21,2.76,52,-1
11:10:24,2.77,2273,1
11:10:27,2.76,434,-1
11:10:30,2.77,24,1
11:10:33,2.76,3112,-1
11:10:36,2.76,5235,-1
11:10:39,2.76,199,1
11:10:42,2.75,99,-1
11:10:45,2.75,1562,-1
11:10:48,2.75,114,-1
11:10:51,2.75,1108,-1
11:10:54,2.75,154,-1
11:10:57,2.76,580,1
11:11:00,2.76,1508,1
11:11:03,2.75,204,-1
11:11:06,2.76,126,1
11:11:09,2.75,161,-1
11:11:12,2.75,156,-1
11:11:15,2.76,411,1
11:11:18,2.76,110,1
11:11:21,2.76,353,1
11:11:24,2.75,174,-1
11:11:27,2.76,423,1
11:11:30,2.75,555,-1
11:11:33,2.75,360,-1
11:11:36,2.75,60,-1
11:11:39,2.75,189,-1
11:11:42,2.76,161,1
11:11:45,2.75,977,-1
11:11:48,2.76,120,1
11:11:51,2.75,73,-1
11:11:54,2.76,15,1
11:11:57,2.76,98,1
11:12:00,2.76,63,1
11:12:03,2.76,38,1
11:12:06,2.76,3599,1
11:12:09,2.75,265,-1
11:12:12,2.75,112,-1
11:12:15,2.76,57,1
11:12:18,2.75,40,-1
11:12:21,2.75,231,-1
11:12:24,2.75,417,-1
11:12:27,2.75,177,-1
11:12:30,2.76,52,1
11:12:33,2.76,2041,1
11:12:36,2.75,314,-1
11:12:39,2.75,359,-1
11:12:42,2.75,96,-1
11:12:45,2.75,306,-1
11:12:48,2.75,117,-1
11:12:51,2.76,98,1
11:12:54,2.76,758,1
11:12:57,2.76,139,1
11:13:00,2.75,118,-1
11:13:03,2.75,397,-1
11:13:06,2.75,52,-1
11:13:09,2.76,116,1
11:13:12,2.75,236,-1
11:13:15,2.75,133,-1
11:13:18,2.76,144,1
11:13:21,2.75,40,-1
11:13:24,2.75,202,-1
11:13:27,2.75,86,-1
11:13:30,2.75,24,-1
11:13:33,2.76,27,1
11:13:36,2.75,40,-1
11:13:39,2.75,369,-1
11:13:42,2.76,166,1
11:13:45,2.75,473,-1
11:13:48,2.76,55,1
11:13:51,2.76,179,1
11:13:54,2.76,3,1
11:13:57,2.76,135,1
11:14:00,2.76,149,1
11:14:03,2.76,400,1
11:14:06,2.76,683,1
11:14:09,2.76,244,1
11:14:12,2.75,856,-1
11:14:15,2.75,59,-1
11:14:18,2.75,110,-1
11:14:21,2.76,641,1
11:14:24,2.75,114,-1
11:14:27,2.76,405,1
11:14:30,2.75,123,-1
11:14:33,2.76,219,1
11:14:36,2.76,98,1
11:14:39,2.75,98,-1
11:14:42,2.75,2,-1
11:14:45,2.75,92,-1
11:14:48,2.75,52,-1
11:14:51,2.76,146,1
11:14:54,2.76,241,1
11:14:57,2.75,51,-1
11:15:00,2.75,85,-1
11:15:03,2.75,116,-1
11:15:06,2.76,118,1
11:15:09,2.75,87,-1
11:15:12,2.75,145,-1
11:15:15,2.75,106,-1
11:15:18,2.75,66,-1
11:15:21,2.75,130,-1
11:15:24,2.75,162,-1
11:15:27,2.75,209,-1
11:15:30,2.76,774,1
11:15:33,2.75,103,-1
11:15:36,2.75,24,-1
11:15:39,2.76,398,1
11:15:42,2.75,5,-1
11:15:45,2.75,15,-1
11:15:48,2.76,163,1
11:15:51,2.75,29,-1
11:15:54,2.76,67,1
11:15:57,2.76,88,1
11:16:00,2.76,38,1
11:16:03,2.75,27,-1
11:16:06,2.75,97,-1
11:16:09,2.75,84,-1
11:16:12,2.76,303,1
11:16:15,2.75,41,-1
11:16:18,2.75,63,-1
11:16:21,2.76,119,1
11:16:24,2.75,20,-1
11:16:27,2.75,42,-1
11:16:30,2.76,177,1
11:16:33,2.75,73,-1
11:16:36,2.76,176,1
11:16:39,2.76,388,1
11:16:42,2.75,181,-1
11:16:45,2.75,51,-1
11:16:48,2.75,37,-1
11:16:51,2.75,196,-1
11:16:54,2.75,58,-1
11:16:57,2.76,83,1
11:17:00,2.75,82,-1
11:17:03,2.76,190,1
11:17:06,2.75,195,-1
11:17:09,2.75,115,-1
11:17:12,2.75,23,-1
11:17:15,2.76,99,1
11:17:18,2.76,160,1
11:17:21,2.75,124,-1
11:17:24,2.75,102,-1
11:17:27,2.76,258,1
11:17:30,2.75,193,-1
11:17:33,2.76,796,1
11:17:36,2.75,301,-1
11:17:39,2.75,71,-1
11:17:42,2.75,201,-1
11:17:45,2.75,111,-1
11:17:48,2.75,90,-1
11:17:51,2.75,97,-1
11:17:54,2.75,59,-1
11:17:57,2.75,32,-1
11:18:00,2.76,641,1
11:18:03,2.75,211,-1
11:18:06,2.75,97,-1
11:18:09,2.76,12,1
11:18:12,2.75,160,-1
11:18:15,2.75,165,-1
11:18:18,2.76,471,1
11:18:21,2.75,157,-1
11:18:24,2.75,211,-1
11:18:27,2.76,43,1
11:18:30,2.75,59,-1
11:18:33,2.76,4008,1
11:18:36,2.76,46,1
11:18:39,2.75,75,-1
11:18:42,2.75,6,-1
11:18:45,2.75,79,-1
11:18:48,2.75,43,-1
11:18:51,2.75,375,-1
11:18:54,2.76,367,1
11:18:57,2.76,46,1
11:19:00,2.76,136,1
11:19:03,2.76,133,1
11:19:06,2.76,321,1
11:19:09,2.75,171,-1
11:19:12,2.76,117,1
11:19:15,2.75,62,-1
11:19:18,2.76,148,1
11:19:21,2.76,28,1
11:19:24,2.76,183,1
11:19:27,2.75,102,-1
11:19:30,2.75,212,-1
11:19:33,2.76,264,1
11:19:36,2.75,80,-1
11:19:39,2.75,98,-1
11:19:42,2.75,122,-1
11:19:45,2.75,168,-1
11:19:48,2.75,70,-1
11:19:51,2.75,35,-1
11:19:54,2.75,869,-1
11:19:57,2.75,50,-1
11:20:00,2.76,136,1
11:20:03,2.75,57,-1
11:20:06,2.76,430,1
11:20:09,2.75,214,-1
11:20:12,2.76,162,1
11:20:15,2.75,89,-1
11:20:18,2.76,12,1
11:20:21,2.75,179,-1
11:20:24,2.76,97,1
11:20:27,2.75,82,-1
11:20:30,2.75,11,-1
11:20:33,2.76,483,1
11:20:36,2.75,100,-1
11:20:39,2.76,139,1
11:20:42,2.76,33,1
11:20:45,2.75,68,-1
11:20:48,2.76,38,1
11:20:51,2.76,25,1
11:20:54,2.76,144,1
11:20:57,2.75,84,-1
11:21:00,2.76,121,1
11:21:03,2.75,32,-1
11:21:06,2.76,220,1
11:21:09,2.75,477,-1
11:21:12,2.75,311,-1
11:21:15,2.76,239,1
11:21:18,2.75,17,-1
11:21:21,2.76,58,1
11:21:24,2.75,43,-1
11:21:27,2.76,138,1
11:21:30,2.75,110,-1
11:21:33,2.76,7,1
11:21:36,2.75,83,-1
11:21:39,2.76,84,1
11:21:42,2.75,233,-1
11:21:45,2.75,58,-1
11:21:48,2.76,203,1
11:21:51,2.75,53,-1
11:21:54,2.75,214,-1
11:21:57,2.76,103,1
11:22:00,2.75,91,-1
11:22:03,2.76,127,1
11:22:06,2.76,412,1
11:22:09,2.75,261,-1
11:22:12,2.76,1,1
11:22:15,2.76,141,1
11:22:18,2.76,182,1
11:22:21,2.76,52,1
11:22:24,2.76,787,1
11:22:27,2.75,33,-1
11:22:30,2.75,168,-1
11:22:33,2.75,200,-1
11:22:36,2.75,216,-1
11:22:39,2.75,86,-1
11:22:42,2.75,86,-1
11:22:45,2.75,78,-1
11:22:48,2.75,133,-1
11:22:51,2.75,13,-1
11:22:54,2.75,353,-1
11:22:57,2.75,644,-1
11:23:00,2.75,152,-1
11:23:03,2.75,517,-1
11:23:06,2.76,248,1
11:23:09,2.75,81,-1
11:23:12,2.76,55,1
11:23:15,2.76,173,1
11:23:18,2.75,31,-1
11:23:21,2.76,16,1
11:23:24,2.75,224,-1
11:23:27,2.75,90,-1
11:23:30,2.76,10,1
11:23:33,2.76,66,1
11:23:36,2.75,406,-1
11:23:39,2.75,218,-1
11:23:42,2.76,34,1
11:23:45,2.75,254,-1
11:23:48,2.75,113,-1
11:23:51,2.75,501,-1
11:23:54,2.76,313,1
11:23:57,2.76,22,1
11:24:00,2.76,350,1
11:24:03,2.75,332,-1
11:24:06,2.75,259,-1
11:24:09,2.75,46,-1
11:24:12,2.75,396,-1
11:24:15,2.75,115,-1
11:24:18,2.76,391,1
11:24:21,2.76,626,1
11:24:24,2.75,704,-1
11:24:27,2.76,252,1
11:24:30,2.76,66,1
11:24:33,2.76,132,1
11:24:36,2.76,14,1
11:24:39,2.76,920,1
11:24:42,2.76,286,1
11:24:45,2.75,60,-1
11:24:48,2.76,145,1
11:24:51,2.76,112,1
11:24:54,2.75,264,-1
11:24:57,2.76,192,1
11:25:00,2.75,96,-1
11:25:03,2.76,233,1
11:25:06,2.76,81,1
11:25:09,2.76,128,1
11:25:12,2.75,1137,-1
11:25:15,2.76,302,1
11:25:18,2.75,85,-1
11:25:21,2.76,20,1
11:25:24,2.76,801,1
11:25:27,2.75,305,-1
11:25:30,2.75,13,-1
11:25:33,2.75,134,-1
11:25:36,2.76,58,1
11:25:39,2.75,20,-1
11:25:42,2.76,160,1
11:25:45,2.76,719,1
11:25:48,2.75,58,-1
11:25:51,2.75,52,-1
11:25:54,2.75,1132,-1
11:25:57,2.75,471,-1
11:26:00,2.75,80,-1
11:26:03,2.75,72,-1
11:26:06,2.76,233,1
11:26:09,2.75,132,-1
11:26:12,2.75,94,-1
11:26:15,2.75,31,-1
11:26:18,2.76,51,1
11:26:21,2.75,419,-1
11:26:24,2.75,120,-1
11:26:27,2.75,83,-1
11:26:30,2.75,670,-1
11:26:33,2.75,344,-1
11:26:36,2.75,96,-1
11:26:39,2.75,238,-1
11:26:42,2.75,400,-1
11:26:45,2.75,282,-1
11:26:48,2.75,196,-1
11:26:51,2.76,127,1
11:26:54,2.75,272,-1
11:26:57,2.75,252,-1
11:27:00,2.75,951,-1
11:27:03,2.75,220,-1
11:27:06,2.75,156,-1
11:27:09,2.75,35,-1
11:27:12,2.76,177,1
11:27:15,2.75,143,-1
11:27:18,2.76,162,1
11:27:21,2.76,386,1
11:27:24,2.75,94,-1
11:27:27,2.75,201,-1
11:27:30,2.75,22,-1
11:27:33,2.75,85,-1
11:27:36,2.75,427,-1
11:27:39,2.75,666,-1
11:27:42,2.75,94,-1
11:27:45,2.75,509,-1
11:27:48,2.75,156,-1
11:27:51,2.75,443,-1
11:27:54,2.75,270,-1
11:27:57,2.75,181,-1
11:28:00,2.75,1459,-1
11:28:03,2.75,129,-1
11:28:06,2.75,147,-1
11:28:09,2.75,1256,-1
11:28:12,2.75,420,-1
11:28:15,2.76,442,1
11:28:18,2.75,144,-1
11:28:21,2.75,184,-1
11:28:24,2.75,708,-1
11:28:27,2.75,131,-1
11:28:30,2.75,2599,-1
11:28:33,2.75,560,-1
11:28:36,2.75,874,-1
11:28:39,2.75,2745,-1
11:28:42,2.75,635,-1
11:28:45,2.75,5046,-1
11:28:48,2.75,256,1
11:28:51,2.75,6,1
11:28:54,2.75,47,1
11:28:57,2.75,93,1
11:29:00,2.75,277,1
11:29:03,2.75,63,1
11:29:06,2.75,124,1
11:29:09,2.75,707,1
11:29:12,2.75,86,1
11:29:15,2.75,260,1
11:29:18,2.75,72,1
11:29:21,2.75,368,1
11:29:24,2.75,48,1
11:29:27,2.75,20,1
11:29:30,2.75,306,1
11:29:33,2.75,55,1
11:29:36,2.75,133,1
11:29:39,2.75,135,-1
11:29:42,2.75,20,-1
11:29:45,2.76,24,1
11:29:48,2.76,559,1
11:29:51,2.75,79,-1
11:29:54,2.75,161,-1
11:29:57,2.76,7,1
11:30:00,2.75,44,-1
13:00:00,2.75,6998,-1
13:00:03,2.77,12920,1
13:00:06,2.76,459,-1
13:00:09,2.75,26,-1
13:00:18,2.75,41,-1
13:00:21,2.76,134,1
13:00:24,2.76,37,1
13:00:27,2.76,512,1
13:00:30,2.75,1757,-1
13:00:33,2.76,259,1
13:00:36,2.76,19,1
13:00:39,2.75,45,-1
13:00:42,2.76,347,1
13:00:45,2.76,33,1
13:00:48,2.76,34,1
13:00:51,2.76,96,1
13:00:54,2.76,53,1
13:00:57,2.76,101,1
13:01:00,2.76,45,1
13:01:03,2.75,59,-1
13:01:06,2.75,142,-1
13:01:09,2.75,144,-1
13:01:12,2.76,34,1
13:01:15,2.76,292,1
13:01:18,2.76,45,1
13:01:21,2.75,310,-1
13:01:24,2.76,477,1
13:01:27,2.76,131,1
13:01:30,2.75,60,-1
13:01:33,2.76,597,1
13:01:36,2.75,218,-1
13:01:39,2.75,182,-1
13:01:42,2.75,53,-1
13:01:45,2.76,146,1
13:01:48,2.75,17,-1
13:01:51,2.76,81,1
13:01:54,2.76,81,1
13:01:57,2.76,263,1
13:02:00,2.76,227,1
13:02:03,2.75,33,-1
13:02:06,2.76,274,1
13:02:09,2.76,81,1
13:02:12,2.76,255,1
13:02:15,2.75,350,-1
13:02:18,2.76,114,1
13:02:21,2.75,110,-1
13:02:24,2.75,1,-1
13:02:27,2.76,914,1
13:02:30,2.76,100,1
13:02:33,2.75,115,-1
13:02:36,2.75,49,-1
13:02:39,2.75,150,-1
13:02:42,2.76,36,1
13:02:45,2.76,732,1
13:02:48,2.75,68,-1
13:02:51,2.76,202,1
13:02:54,2.75,139,-1
13:02:57,2.75,742,-1
13:03:00,2.76,45,1
13:03:03,2.76,378,-1
13:03:06,2.76,4,1
13:03:09,2.76,193,1
13:03:12,2.76,119,1
13:03:15,2.75,36,-1
13:03:18,2.76,180,1
13:03:21,2.76,123,1
13:03:24,2.76,133,1
13:03:27,2.76,91,1
13:03:30,2.76,3,-1
13:03:33,2.76,1358,-1
13:03:36,2.76,379,-1
13:03:39,2.76,128,1
13:03:42,2.75,35,-1
13:03:45,2.76,150,1
13:03:48,2.75,11,-1
13:03:51,2.75,132,-1
13:03:54,2.76,119,1
13:03:57,2.76,1,-1
13:04:00,2.75,81,-1
13:04:03,2.76,189,1
13:04:06,2.75,11,-1
13:04:09,2.76,124,1
13:04:12,2.76,105,1
13:04:15,2.76,145,-1
13:04:18,2.75,1506,-1
13:04:21,2.76,31,1
13:04:24,2.76,243,1
13:04:27,2.76,95,1
13:04:30,2.76,35,1
13:04:33,2.76,10,1
13:04:36,2.76,74,1
13:04:39,2.76,470,1
13:04:42,2.75,173,-1
13:04:45,2.76,142,1
13:04:48,2.75,64,-1
13:04:51,2.76,494,1
13:04:54,2.76,142,1
13:04:57,2.76,112,-1
13:05:00,2.76,62,-1
13:05:03,2.76,679,-1
13:05:06,2.76,214,-1
13:05:09,2.76,15,1
13:05:12,2.76,1330,1
13:05:15,2.76,346,-1
13:05:18,2.76,315,-1
13:05:21,2.75,91,-1
13:05:24,2.76,61,1
13:05:27,2.76,139,1
13:05:30,2.76,73,1
13:05:33,2.76,306,1
13:05:36,2.75,42,-1
13:05:39,2.76,1023,1
13:05:42,2.76,20,1
13:05:45,2.76,11,1
13:05:48,2.76,1686,1
13:05:51,2.75,128,-1
13:05:54,2.76,8,1
13:05:57,2.75,1017,-1
13:06:00,2.76,13,1
13:06:03,2.75,121,-1
13:06:06,2.75,1164,-1
13:06:09,2.75,154,-1
13:06:12,2.75,1,-1
13:06:15,2.75,20,-1
13:06:18,2.76,16,1
13:06:21,2.75,238,-1
13:06:24,2.75,7,-1
13:06:30,2.75,24,-1
13:06:36,2.76,240,1
13:06:39,2.76,62,1
13:06:42,2.75,56,-1
13:06:45,2.76,72,1
13:06:48,2.76,12,1
13:06:51,2.75,4,-1
13:06:54,2.75,7,-1
13:06:57,2.75,10,-1
13:07:00,2.75,29,-1
13:07:03,2.76,104,1
13:07:06,2.76,8,1
13:07:09,2.76,1,1
13:07:12,2.76,814,1
13:07:15,2.75,376,-1
13:07:18,2.76,18,1
13:07:21,2.76,348,1
13:07:24,2.76,249,1
13:07:27,2.76,78,1
13:07:30,2.75,38,-1
13:07:33,2.76,66,1
13:07:36,2.76,59,1
13:07:45,2.76,436,1
13:07:48,2.76,63,1
13:07:51,2.76,321,1
13:07:54,2.75,3,-1
13:07:57,2.76,601,1
13:08:00,2.75,213,-1
13:08:03,2.76,59,1
13:08:06,2.75,67,-1
13:08:09,2.76,39,1
13:08:12,2.76,13,1
13:08:15,2.75,36,-1
13:08:18,2.76,112,1
13:08:21,2.76,255,1
13:08:24,2.75,51,-1
13:08:27,2.75,1,-1
13:08:30,2.75,360,-1
13:08:33,2.75,262,-1
13:08:36,2.75,18,-1
13:08:39,2.75,206,-1
13:08:42,2.75,154,-1
13:08:45,2.75,26,-1
13:08:48,2.75,44,-1
13:08:51,2.76,28,1
13:08:54,2.76,20,1
13:08:57,2.75,2,-1
13:09:00,2.75,70,-1
13:09:03,2.76,173,1
13:09:06,2.75,51,-1
13:09:09,2.75,120,-1
13:09:12,2.75,299,-1
13:09:15,2.76,33,1
13:09:18,2.76,363,1
13:09:21,2.75,24,-1
13:09:24,2.75,66,-1
13:09:27,2.75,249,-1
13:09:30,2.76,2,1
13:09:33,2.75,51,-1
13:09:36,2.75,90,-1
13:09:39,2.76,78,1
13:09:42,2.75,112,-1
13:09:48,2.76,1203,1
13:09:51,2.76,58,1
13:09:54,2.76,545,1
13:09:57,2.75,13,-1
13:10:00,2.76,425,1
13:10:03,2.75,378,-1
13:10:06,2.75,92,-1
13:10:09,2.76,102,1
13:10:12,2.76,12,1
13:10:15,2.76,68,1
13:10:18,2.75,173,-1
13:10:21,2.76,328,1
13:10:24,2.76,31,1
13:10:27,2.76,3,1
13:10:30,2.75,360,-1
13:10:33,2.76,71,1
13:10:36,2.75,266,-1
13:10:39,2.75,103,-1
13:10:42,2.76,25,1
13:10:45,2.76,25,1
13:10:48,2.75,265,-1
13:10:51,2.75,19,-1
13:10:57,2.76,197,1
13:11:00,2.76,25,1
13:11:03,2.76,289,1
13:11:06,2.75,19,-1
13:11:09,2.75,198,-1
13:11:12,2.75,905,-1
13:11:15,2.75,47,-1
13:11:18,2.75,871,-1
13:11:21,2.75,23,-1
13:11:24,2.75,218,-1
13:11:27,2.75,144,-1
13:11:30,2.75,139,-1
13:11:33,2.75,36,-1
13:11:36,2.75,1941,-1
13:11:39,2.75,188,-1
13:11:42,2.75,1632,-1
13:11:45,2.75,745,-1
13:11:48,2.75,467,-1
13:11:51,2.75,629,-1
13:11:54,2.76,94,1
13:11:57,2.76,5,1
13:12:00,2.75,284,-1
13:12:03,2.75,53,-1
13:12:06,2.75,536,-1
13:12:09,2.75,56,-1
13:12:12,2.75,93,-1
13:12:15,2.75,256,-1
13:12:18,2.75,4749,-1
13:12:21,2.75,2296,-1
13:12:24,2.75,6,1
13:12:27,2.75,11,1
13:12:30,2.75,27,1
13:12:33,2.75,42,1
13:12:36,2.75,655,1
13:12:39,2.75,60,1
13:12:42,2.75,84,1
13:12:45,2.75,161,1
13:12:48,2.75,192,1
13:12:51,2.75,146,1
13:12:54,2.75,60,1
13:12:57,2.75,4,1
13:13:00,2.75,163,1
13:13:03,2.75,326,1
13:13:06,2.75,83,1
13:13:09,2.75,24,1
13:13:12,2.75,5,1
13:13:15,2.75,6,1
13:13:18,2.75,273,1
13:13:21,2.75,21,1
13:13:24,2.75,37,1
13:13:27,2.75,374,1
13:13:30,2.75,12,1
13:13:33,2.75,32,1
13:13:39,2.75,62,1
13:13:42,2.75,46,1
13:13:45,2.75,45,1
13:13:48,2.75,370,1
13:13:51,2.75,44,1
13:13:54,2.75,70,1
13:13:57,2.75,147,1
13:14:00,2.75,40,1
13:14:03,2.75,28,1
13:14:09,2.75,5,1
13:14:15,2.75,3,1
13:14:18,2.75,102,1
13:14:21,2.75,43,1
13:14:24,2.75,56,1
13:14:27,2.75,53,1
13:14:30,2.75,65,1
13:14:33,2.75,130,1
13:14:36,2.75,12,1
13:14:39,2.75,33,1
13:14:42,2.75,10,1
13:14:45,2.75,19,1
13:14:48,2.75,52,1
13:14:54,2.75,161,1
13:14:57,2.75,77,1
13:15:00,2.75,3,1
13:15:03,2.75,76,1
13:15:06,2.75,10,1
13:15:09,2.75,1,1
13:15:12,2.75,4,1
13:15:18,2.75,75,1
13:15:21,2.75,5,1
13:15:24,2.75,1,1
13:15:27,2.75,55,1
13:15:30,2.75,49,1
13:15:33,2.75,47,1
13:15:36,2.75,50,1
13:15:39,2.75,15,1
13:15:42,2.75,116,1
13:15:48,2.75,2421,1
13:15:54,2.75,53,1
13:15:57,2.75,342,1
13:16:00,2.75,689,1
13:16:03,2.75,15,1
13:16:06,2.75,85,1
13:16:09,2.75,106,1
13:16:12,2.75,13,1
13:16:15,2.75,50,1
13:16:18,2.75,52,1
13:16:21,2.75,191,1
13:16:24,2.75,112,1
13:16:27,2.75,8,1
13:16:30,2.75,39,1
13:16:33,2.75,163,1
13:16:36,2.75,280,1
13:16:39,2.75,8,1
13:16:42,2.75,124,1
13:16:45,2.75,620,1
13:16:54,2.75,37,1
13:16:57,2.75,23,1
13:17:00,2.75,26,1
13:17:03,2.75,62,1
13:17:06,2.75,81,1
13:17:12,2.75,26,1
13:17:15,2.75,89,1
13:17:21,2.75,96,1
13:17:24,2.75,3,1
13:17:27,2.75,3,1
13:17:30,2.75,108,1
13:17:33,2.75,22,1
13:17:36,2.75,3,1
13:17:42,2.75,11,1
13:17:45,2.75,9,1
13:17:48,2.75,19,1
13:17:51,2.75,122,1
13:17:54,2.75,23,1
13:17:57,2.75,219,1
13:18:00,2.75,30,1
13:18:03,2.75,13,1
13:18:06,2.75,40,1
13:18:09,2.75,53,1
13:18:15,2.75,46,1
13:18:18,2.75,111,1
13:18:21,2.75,28,1
13:18:24,2.75,27,1
13:18:27,2.75,122,1
13:18:30,2.75,119,1
13:18:33,2.75,82,1
13:18:36,2.75,14,1
13:18:39,2.75,29,1
13:18:42,2.75,105,1
13:18:45,2.75,1,1
13:18:48,2.75,74,1
13:18:51,2.75,22,1
13:18:57,2.75,23,1
13:19:03,2.75,21,1
13:19:06,2.75,76,1
13:19:09,2.75,27,1
13:19:12,2.75,216,1
13:19:15,2.75,19,1
13:19:18,2.75,13,1
13:19:21,2.75,3,1
13:19:24,2.75,36,1
13:19:27,2.75,48,1
13:19:30,2.75,23,1
13:19:33,2.75,4,1
13:19:36,2.75,6,1
13:19:39,2.75,11,1
13:19:42,2.75,15,1
13:19:45,2.75,1,1
13:19:48,2.75,7,1
13:19:51,2.75,77,1
13:19:57,2.75,26,1
13:20:03,2.75,30,1
13:20:06,2.75,1,1
13:20:09,2.75,4,1
13:20:12,2.75,2,1
13:20:15,2.75,3,1
13:20:18,2.75,15,1
13:20:21,2.75,3,1
13:20:24,2.75,281,1
13:20:27,2.75,2,1
13:20:30,2.75,45,1
13:20:33,2.75,84,1
13:20:36,2.75,1,1
13:20:39,2.75,50,1
13:20:42,2.75,24,1
13:20:45,2.75,40,1
13:20:48,2.75,40,1
13:20:51,2.75,1,1
13:20:54,2.75,1,1
13:21:03,2.75,5,1
13:21:06,2.75,31,1
13:21:09,2.75,155,1
13:21:12,2.75,137,1
13:21:15,2.75,58,1
13:21:18,2.75,48,1
13:21:21,2.75,132,1
13:21:24,2.75,7,1
13:21:27,2.75,47,1
13:21:30,2.75,17,1
13:21:33,2.75,204,1
13:21:36,2.75,7,1
13:21:39,2.75,10,1
13:21:45,2.75,53,1
13:21:48,2.75,10,1
13:21:51,2.75,20,1
13:21:57,2.75,74,1
13:22:00,2.75,16,1
13:22:03,2.75,14,1
13:22:06,2.75,27,1
13:22:12,2.75,36,1
13:22:15,2.75,31,1
13:22:18,2.75,5,1
13:22:24,2.75,10,1
13:22:27,2.75,178,1
13:22:30,2.75,10,1
13:22:33,2.75,4,1
13:22:36,2.75,73,1
13:22:45,2.75,131,1
13:22:48,2.75,35,1
13:22:54,2.75,13,1
13:23:00,2.75,20,1
13:23:03,2.75,10,1
13:23:06,2.75,8,1
13:23:09,2.75,19,1
13:23:12,2.75,11,1
13:23:15,2.75,1,1
13:23:18,2.75,121,1
13:23:21,2.75,21,1
13:23:24,2.75,335,1
13:23:30,2.75,11,1
13:23:33,2.75,469,1
13:23:36,2.75,181,1
13:23:39,2.75,42,1
13:23:42,2.75,36,1
13:23:45,2.75,13,1
13:23:48,2.75,19,1
13:23:51,2.75,55,1
13:23:54,2.75,51,1
13:23:57,2.75,47,1
13:24:00,2.75,74,1
13:24:03,2.75,2,1
13:24:06,2.75,10,1
13:24:09,2.75,116,1
13:24:12,2.75,17,1
13:24:15,2.75,8,1
13:24:18,2.75,8,1
13:24:21,2.75,142,1
13:24:24,2.75,2,1
13:24:27,2.75,133,1
13:24:30,2.75,43,1
13:24:33,2.75,46,1
13:24:36,2.75,13,1
13:24:42,2.75,189,1
13:24:45,2.75,44,1
13:24:48,2.75,40,1
13:24:54,2.75,38,1
13:24:57,2.75,4,1
13:25:00,2.75,39,1
13:25:03,2.75,14,1
13:25:06,2.75,11,1
13:25:09,2.75,13,1
13:25:12,2.75,49,1
13:25:15,2.75,12,1
13:25:18,2.75,88,1
13:25:21,2.75,5,1
13:25:24,2.75,1,1
13:25:27,2.75,19,1
13:25:30,2.75,71,1
13:25:33,2.75,111,1
13:25:36,2.75,1,1
13:25:42,2.75,196,1
13:25:45,2.75,150,1
13:25:48,2.75,20,1
13:25:54,2.75,220,1
13:25:57,2.75,23,1
13:26:03,2.75,107,1
13:26:06,2.75,12,1
13:26:09,2.75,21,1
13:26:12,2.75,155,1
13:26:15,2.75,114,1
13:26:18,2.75,2,1
13:26:21,2.75,100,1
13:26:24,2.75,4,1
13:26:27,2.75,55,1
13:26:33,2.75,23,1
13:26:36,2.75,52,1
13:26:39,2.75,33,1
13:26:45,2.75,16,1
13:26:48,2.75,6,1
13:26:51,2.75,1,1
13:27:00,2.75,113,1
13:27:03,2.75,2,1
13:27:06,2.75,123,1
13:27:12,2.75,112,1
13:27:15,2.75,6,1
13:27:18,2.75,2,1
13:27:21,2.75,22,1
13:27:24,2.75,11,1
13:27:30,2.75,45,1
13:27:33,2.75,18,1
13:27:39,2.75,80,1
13:27:42,2.75,357,1
13:27:45,2.75,2,1
13:27:48,2.75,108,1
13:27:54,2.75,68,1
13:27:57,2.75,54,1
13:28:00,2.75,242,1
13:28:03,2.75,82,1
13:28:09,2.75,241,1
13:28:12,2.75,5,1
13:28:15,2.75,36,1
13:28:21,2.75,2,1
13:28:27,2.75,91,1
13:28:30,2.75,136,1
13:28:33,2.75,55,1
13:28:39,2.75,17,1
13:28:42,2.75,195,1
13:28:45,2.75,11,1
13:28:48,2.75,12,1
13:28:51,2.75,4,1
13:28:54,2.75,20,1
13:28:57,2.75,29,1
13:29:00,2.75,118,1
13:29:03,2.75,271,1
13:29:09,2.75,2,1
13:29:12,2.75,27,1
13:29:18,2.75,27,1
13:29:21,2.75,129,1
13:29:24,2.75,16,1
13:29:27,2.75,50,1
13:29:30,2.75,67,1
13:29:33,2.75,13,1
13:29:39,2.75,52,1
13:29:42,2.75,53,1
13:29:45,2.75,2,1
13:29:48,2.75,38,1
13:29:51,2.75,9,1
13:29:54,2.75,7,1
13:29:57,2.75,88,1
13:30:00,2.75,1,1
13:30:06,2.75,13,1
13:30:09,2.75,5,1
13:30:12,2.75,8,1
13:30:18,2.75,1,1
13:30:21,2.75,60,1
13:30:24,2.75,4,1
13:30:33,2.75,13,1
13:30:42,2.75,5,1
13:30:45,2.75,117,1
13:30:48,2.75,28,1
13:30:54,2.75,159,1
13:31:00,2.75,231,1
13:31:03,2.75,2,1
13:31:06,2.75,19,1
13:31:09,2.75,40,1
13:31:15,2.75,11,1
13:31:21,2.75,97,1
13:31:24,2.75,3,1
13:31:27,2.75,10,1
13:31:30,2.75,33,1
13:31:33,2.75,8,1
13:31:39,2.75,9,1
13:31:45,2.75,92,1
13:31:48,2.75,10,1
13:31:51,2.75,694,1
13:31:54,2.75,20,1
13:31:57,2.75,148,1
13:32:00,2.75,162,1
13:32:03,2.75,200,1
13:32:06,2.75,57,1
13:32:18,2.75,9,1
13:32:24,2.75,145,1
13:32:27,2.75,57,1
13:32:33,2.75,1,1
13:32:36,2.75,15,1
13:32:42,2.75,5,1
13:32:45,2.75,14,1
13:32:48,2.75,10,1
13:32:51,2.75,250,1
13:32:54,2.75,11,1
13:32:57,2.75,10,1
13:33:03,2.75,55,1
13:33:06,2.75,22,1
13:33:09,2.75,1,1
13:33:12,2.75,8,1
13:33:15,2.75,74,1
13:33:18,2.75,52,1
13:33:24,2.75,46,1
13:33:27,2.75,3,1
13:33:30,2.75,5,1
13:33:36,2.75,205,1
13:33:39,2.75,293,1
13:33:42,2.75,78,1
13:33:45,2.75,1,1
13:33:54,2.75,5,1
13:33:57,2.75,14,1
13:34:00,2.75,66,1
13:34:06,2.75,76,1
13:34:12,2.75,189,1
13:34:15,2.75,1,1
13:34:18,2.75,33,1
13:34:21,2.75,107,1
13:34:24,2.75,35,1
13:34:33,2.75,30,1
13:34:36,2.75,10,1
13:34:39,2.75,22,1
13:34:42,2.75,30,1
13:34:45,2.75,2,1
13:34:48,2.75,500,1
13:34:51,2.75,52,1
13:34:57,2.75,30,1
13:35:00,2.75,28,1
13:35:03,2.75,32,1
13:35:09,2.75,134,1
13:35:12,2.75,4,1
13:35:15,2.75,110,1
13:35:18,2.75,30,1
13:35:21,2.75,204,1
13:35:27,2.75,141,1
13:35:30,2.75,245,1
13:35:33,2.75,48,1
13:35:36,2.75,39,1
13:35:39,2.75,240,1
13:35:42,2.75,25,1
13:35:45,2.75,30,1
13:35:48,2.75,770,1
13:35:51,2.75,36,1
13:35:54,2.75,741,1
13:35:57,2.75,721,1
13:36:00,2.75,586,1
13:36:03,2.75,281,1
13:36:06,2.75,759,1
13:36:09,2.75,246,1
13:36:12,2.75,308,1
13:36:15,2.75,444,1
13:36:18,2.75,111,1
13:36:21,2.75,485,1
13:36:24,2.75,560,1
13:36:27,2.75,1274,1
13:36:30,2.75,430,1
13:36:33,2.75,379,1
13:36:36,2.75,1825,1
13:36:39,2.75,561,1
13:36:42,2.75,264,1
13:36:45,2.75,388,1
13:36:48,2.75,1799,1
13:36:51,2.75,4786,1
13:36:54,2.75,7111,1
13:36:57,2.75,6576,1
13:37:00,2.76,3860,1
13:37:03,2.76,249,1
13:37:06,2.75,365,-1
13:37:09,2.75,560,-1
13:37:12,2.76,509,1
13:37:15,2.76,421,1
13:37:18,2.76,352,1
13:37:21,2.75,139,-1
13:37:24,2.76,565,1
13:37:27,2.76,84,1
13:37:30,2.75,150,-1
13:37:33,2.76,199,1
13:37:36,2.76,414,1
13:37:39,2.76,765,1
13:37:42,2.76,99,1
13:37:45,2.76,209,1
13:37:48,2.76,342,1
13:37:51,2.76,124,1
13:37:54,2.76,42,1
13:37:57,2.76,436,1
13:38:00,2.75,666,-1
13:38:03,2.75,254,-1
13:38:06,2.76,892,1
13:38:09,2.75,960,-1
13:38:12,2.76,78,1
13:38:15,2.76,79,-1
13:38:18,2.76,82,-1
13:38:21,2.77,143,1
13:38:24,2.77,280,1
13:38:27,2.77,267,1
13:38:30,2.77,528,1
13:38:33,2.77,128,1
13:38:36,2.77,169,1
13:38:39,2.77,142,1
13:38:42,2.76,481,-1
13:38:45,2.76,106,-1
13:38:48,2.76,35,-1
13:38:51,2.77,42,1
13:38:54,2.77,104,1
13:38:57,2.76,277,-1
13:39:00,2.77,351,1
13:39:03,2.77,757,1
13:39:06,2.76,207,-1
13:39:09,2.77,291,1
13:39:12,2.77,231,1
13:39:15,2.77,808,1
13:39:18,2.77,1624,1
13:39:21,2.76,663,-1
13:39:24,2.77,171,1
13:39:27,2.77,2677,1
13:39:30,2.77,488,-1
13:39:33,2.78,203,1
13:39:36,2.78,284,1
13:39:39,2.78,349,1
13:39:42,2.78,370,1
13:39:45,2.79,856,1
13:39:48,2.79,159,1
13:39:51,2.79,685,1
13:39:54,2.8,265,1
13:39:57,2.8,1378,1
13:40:00,2.8,1776,1
13:40:03,2.81,1444,1
13:40:06,2.8,707,-1
13:40:09,2.81,822,1
13:40:12,2.82,282,1
13:40:15,2.82,143,1
13:40:18,2.81,1802,-1
13:40:21,2.83,896,1
13:40:24,2.82,1180,-1
13:40:27,2.81,788,-1
13:40:30,2.82,941,1
13:40:33,2.82,824,1
13:40:36,2.81,393,-1
13:40:39,2.81,596,-1
13:40:42,2.82,363,1
13:40:45,2.82,185,1
13:40:48,2.82,391,1
13:40:51,2.83,174,1
13:40:54,2.83,269,1
13:40:57,2.83,337,1
13:41:00,2.83,370,1
13:41:03,2.82,779,-1
13:41:06,2.82,430,-1
13:41:09,2.82,390,-1
13:41:12,2.82,240,-1
13:41:15,2.82,66,1
13:41:18,2.81,80,-1
13:41:21,2.81,626,-1
13:41:24,2.81,363,-1
13:41:27,2.81,154,-1
13:41:30,2.81,517,-1
13:41:33,2.81,662,-1
13:41:36,2.81,401,-1
13:41:39,2.81,827,-1
13:41:42,2.82,227,1
13:41:45,2.81,474,-1
13:41:48,2.81,272,-1
13:41:51,2.81,431,-1
13:41:54,2.82,540,1
13:41:57,2.82,584,1
13:42:00,2.81,289,-1
13:42:03,2.81,427,1
13:42:06,2.81,826,1
13:42:09,2.81,316,1
13:42:12,2.8,299,-1
13:42:15,2.79,87,-1
13:42:18,2.8,11,1
13:42:21,2.8,64,1
13:42:24,2.79,87,-1
13:42:27,2.79,165,-1
13:42:30,2.79,460,-1
13:42:33,2.8,374,1
13:42:36,2.79,508,-1
13:42:39,2.79,65,-1
13:42:42,2.8,332,1
13:42:45,2.8,517,-1
13:42:48,2.8,95,-1
13:42:51,2.8,115,-1
13:42:54,2.8,97,-1
13:42:57,2.8,872,-1
13:43:00,2.81,346,1
13:43:03,2.79,591,-1
13:43:06,2.79,204,-1
13:43:09,2.79,60,-1
13:43:12,2.8,20,1
13:43:15,2.8,113,1
13:43:18,2.8,218,1
13:43:21,2.79,256,-1
13:43:24,2.8,1737,1
13:43:27,2.8,472,1
13:43:30,2.8,35,1
13:43:33,2.8,53,1
13:43:36,2.79,231,-1
13:43:39,2.8,127,1
13:43:42,2.8,1519,1
13:43:45,2.8,1089,1
13:43:48,2.8,72,1
13:43:51,2.8,62,1
13:43:54,2.8,259,1
13:43:57,2.8,397,1
13:44:00,2.8,213,-1
13:44:03,2.8,522,-1
13:44:06,2.79,147,-1
13:44:09,2.79,69,-1
13:44:12,2.79,18,-1
13:44:15,2.8,40,1
13:44:21,2.79,1,-1
13:44:24,2.8,163,1
13:44:27,2.79,71,-1
13:44:30,2.8,16,1
13:44:33,2.79,53,-1
13:44:36,2.8,9,1
13:44:39,2.79,72,-1
13:44:42,2.79,144,-1
13:44:45,2.79,126,-1
13:44:48,2.79,37,-1
13:44:51,2.79,447,-1
13:44:54,2.8,119,1
13:44:57,2.8,331,1
13:45:00,2.79,357,-1
13:45:03,2.79,53,-1
13:45:06,2.8,31,1
13:45:09,2.79,161,-1
13:45:12,2.79,80,-1
13:45:15,2.79,14,-1
13:45:18,2.8,31,1
13:45:21,2.8,56,1
13:45:24,2.8,44,1
13:45:27,2.79,79,-1
13:45:30,2.8,44,1
13:45:33,2.79,22,-1
13:45:36,2.8,856,1
13:45:39,2.79,117,-1
13:45:42,2.8,51,1
13:45:45,2.79,98,-1
13:45:48,2.79,19,-1
13:45:51,2.79,628,-1
13:45:54,2.79,106,-1
13:45:57,2.79,21,1
13:46:00,2.79,54,1
13:46:03,2.78,152,-1
13:46:06,2.79,254,1
13:46:09,2.79,477,1
13:46:12,2.78,181,-1
13:46:15,2.78,115,-1
13:46:18,2.78,121,-1
13:46:21,2.79,68,1
13:46:24,2.78,329,-1
13:46:27,2.78,70,-1
13:46:30,2.78,82,-1
13:46:33,2.79,90,1
13:46:36,2.78,61,-1
13:46:39,2.78,144,-1
13:46:42,2.78,18,-1
13:46:45,2.78,61,-1
13:46:48,2.78,21,-1
13:46:54,2.79,64,1
13:46:57,2.78,76,-1
13:47:00,2.78,32,-1
13:47:03,2.78,822,-1
13:47:06,2.78,42,-1
13:47:09,2.78,185,-1
13:47:12,2.78,9,-1
13:47:15,2.79,186,1
13:47:18,2.78,170,-1
13:47:21,2.79,68,1
13:47:24,2.78,122,-1
13:47:27,2.78,206,-1
13:47:30,2.79,223,1
13:47:33,2.79,348,1
13:47:36,2.79,173,1
13:47:39,2.78,118,-1
13:47:42,2.78,12,-1
13:47:45,2.79,14,1
13:47:48,2.79,192,1
13:47:51,2.79,25,1
13:47:54,2.79,42,1
13:47:57,2.79,212,1
13:48:00,2.79,147,1
13:48:03,2.78,96,-1
13:48:06,2.79,82,1
13:48:09,2.79,159,1
13:48:12,2.79,572,1
13:48:15,2.79,36,1
13:48:18,2.79,178,1
13:48:21,2.79,256,1
13:48:24,2.79,71,1
13:48:27,2.79,315,1
13:48:30,2.78,140,-1
13:48:33,2.78,50,-1
13:48:36,2.79,4,1
13:48:39,2.78,247,-1
13:48:42,2.78,378,-1
13:48:45,2.78,54,-1
13:48:48,2.78,58,-1
13:48:51,2.78,275,-1
13:48:54,2.79,120,1
13:48:57,2.79,50,1
13:49:00,2.78,23,-1
13:49:03,2.79,81,1
13:49:06,2.78,347,-1
13:49:09,2.79,361,1
13:49:12,2.79,83,1
13:49:15,2.79,61,1
13:49:18,2.78,39,-1
13:49:21,2.79,66,1
13:49:24,2.79,302,1
13:49:27,2.79,28,1
13:49:30,2.79,1059,1
13:49:33,2.79,16,-1
13:49:36,2.79,111,-1
13:49:39,2.79,18,-1
13:49:42,2.8,202,1
13:49:45,2.79,4,-1
13:49:48,2.8,67,1
13:49:51,2.79,7,-1
13:49:54,2.79,42,-1
13:49:57,2.8,35,1
13:50:00,2.8,3,1
13:50:03,2.79,152,-1
13:50:06,2.8,25,1
13:50:09,2.8,26,1
13:50:12,2.8,110,1
13:50:15,2.8,418,1
13:50:18,2.79,25,-1
13:50:21,2.79,534,-1
13:50:24,2.8,78,1
13:50:27,2.79,669,-1
13:50:30,2.79,605,-1
13:50:33,2.79,652,-1
13:50:36,2.79,61,-1
13:50:39,2.79,153,-1
13:50:42,2.79,83,-1
13:50:45,2.8,317,1
13:50:48,2.79,76,-1
13:50:51,2.79,179,1
13:50:54,2.78,4,-1
13:50:57,2.79,278,1
13:51:00,2.79,315,-1
13:51:03,2.79,51,1
13:51:06,2.78,161,-1
13:51:09,2.79,453,1
13:51:12,2.78,9,-1
13:51:15,2.79,3,1
13:51:18,2.79,200,1
13:51:21,2.79,50,1
13:51:24,2.79,1012,1
13:51:27,2.79,98,1
13:51:30,2.79,7,1
13:51:33,2.79,17,-1
13:51:36,2.79,138,-1
13:51:39,2.79,20,-1
13:51:42,2.79,29,-1
13:51:45,2.8,83,1
13:51:48,2.79,21,-1
13:51:54,2.79,14,-1
13:51:57,2.79,6,-1
13:52:00,2.79,16,-1
13:52:03,2.79,101,-1
13:52:06,2.79,39,-1
13:52:09,2.79,38,-1
13:52:12,2.79,64,-1
13:52:15,2.8,31,1
13:52:18,2.8,2,1
13:52:21,2.79,150,-1
13:52:24,2.8,42,1
13:52:27,2.79,519,-1
13:52:30,2.79,119,-1
13:52:33,2.8,48,1
13:52:36,2.8,32,1
13:52:39,2.8,2,1
13:52:42,2.8,12,1
13:52:48,2.79,38,-1
13:52:51,2.8,5,1
13:52:54,2.8,68,1
13:52:57,2.79,111,-1
13:53:00,2.79,6,-1
13:53:03,2.79,91,-1
13:53:06,2.8,111,1
13:53:09,2.79,98,-1
13:53:12,2.79,54,-1
13:53:15,2.79,2,-1
13:53:18,2.79,72,-1
13:53:21,2.79,121,-1
13:53:24,2.8,284,1
13:53:27,2.79,47,-1
13:53:30,2.79,23,-1
13:53:36,2.8,319,1
13:53:39,2.8,177,1
13:53:42,2.79,237,-1
13:53:45,2.8,259,1
13:53:48,2.8,75,1
13:53:51,2.8,33,1
13:53:54,2.79,118,-1
13:53:57,2.8,46,1
13:54:00,2.8,898,1
13:54:03,2.79,236,-1
13:54:06,2.79,76,-1
13:54:09,2.79,81,-1
13:54:12,2.8,100,1
13:54:18,2.8,10,1
13:54:21,2.79,26,-1
13:54:24,2.79,181,-1
13:54:27,2.8,20,1
13:54:30,2.79,8,-1
13:54:33,2.79,107,-1
13:54:36,2.8,162,1
13:54:39,2.79,138,-1
13:54:42,2.8,165,1
13:54:45,2.8,292,1
13:54:48,2.79,160,-1
13:54:51,2.8,50,1
13:54:54,2.8,77,1
13:54:57,2.8,95,1
13:55:00,2.8,2,1
13:55:03,2.79,60,-1
13:55:06,2.79,257,-1
13:55:09,2.8,29,1
13:55:12,2.79,73,-1
13:55:15,2.79,1193,-1
13:55:18,2.78,3014,-1
13:55:21,2.79,8,1
13:55:24,2.79,39,1
13:55:27,2.79,99,1
13:55:30,2.78,11,-1
13:55:33,2.79,37,1
13:55:36,2.79,162,1
13:55:39,2.78,190,-1
13:55:42,2.78,171,-1
13:55:45,2.78,23,-1
13:55:48,2.79,274,1
13:55:51,2.78,131,-1
13:55:54,2.78,549,-1
13:55:57,2.79,78,1
13:56:00,2.78,31,-1
13:56:03,2.78,19,-1
13:56:06,2.78,105,-1
13:56:09,2.78,102,-1
13:56:12,2.78,138,-1
13:56:15,2.78,57,-1
13:56:18,2.78,1,-1
13:56:21,2.79,41,1
13:56:24,2.78,494,-1
13:56:27,2.78,343,-1
13:56:30,2.79,33,1
13:56:33,2.78,7,-1
13:56:36,2.78,1040,-1
13:56:39,2.78,259,-1
13:56:42,2.78,239,-1
13:56:45,2.78,262,-1
13:56:48,2.78,599,-1
13:56:51,2.78,507,-1
13:56:54,2.78,280,-1
13:56:57,2.78,394,-1
13:57:00,2.78,60,1
13:57:03,2.77,37,-1
13:57:06,2.78,188,1
13:57:09,2.77,112,-1
13:57:12,2.77,2,-1
13:57:15,2.78,1471,1
13:57:18,2.78,44,-1
13:57:21,2.77,1546,-1
13:57:24,2.78,30,1
13:57:27,2.78,124,1
13:57:30,2.77,235,-1
13:57:33,2.77,7,-1
13:57:36,2.77,132,-1
13:57:39,2.77,49,-1
13:57:42,2.77,101,-1
13:57:45,2.77,446,-1
13:57:48,2.78,248,1
13:57:51,2.77,338,-1
13:57:54,2.77,19,1
13:57:57,2.77,199,1
13:58:00,2.76,91,-1
13:58:03,2.76,107,-1
13:58:06,2.76,239,-1
13:58:09,2.76,23,-1
13:58:12,2.76,145,-1
13:58:15,2.76,117,-1
13:58:18,2.76,92,-1
13:58:21,2.76,261,-1
13:58:24,2.76,14,-1
13:58:27,2.76,202,-1
13:58:30,2.76,162,-1
13:58:33,2.76,448,-1
13:58:36,2.76,100,-1
13:58:39,2.76,191,-1
13:58:42,2.76,39,-1
13:58:45,2.77,311,1
13:58:48,2.76,113,-1
13:58:51,2.77,57,1
13:58:54,2.76,332,-1
13:58:57,2.76,274,-1
13:59:00,2.76,53,-1
13:59:03,2.77,79,1
13:59:06,2.77,79,1
13:59:09,2.77,820,1
13:59:12,2.77,236,1
13:59:15,2.77,215,1
13:59:18,2.77,119,1
13:59:21,2.76,202,-1
13:59:24,2.76,190,-1
13:59:27,2.76,24,-1
13:59:30,2.76,28,-1
13:59:33,2.76,42,-1
13:59:36,2.77,627,1
13:59:39,2.77,5,1
13:59:42,2.77,181,1
13:59:45,2.77,26,1
13:59:48,2.76,18,-1
13:59:51,2.76,107,-1
13:59:54,2.77,108,1
13:59:57,2.77,2,1
14:00:00,2.77,179,1
14:00:03,2.77,186,1
14:00:06,2.77,3,1
14:00:09,2.77,119,1
14:00:12,2.76,39,-1
14:00:15,2.77,66,1
14:00:18,2.76,380,-1
14:00:21,2.76,21,-1
14:00:24,2.76,42,-1
14:00:27,2.76,696,-1
14:00:30,2.76,94,-1
14:00:33,2.76,692,-1
14:00:36,2.77,676,1
14:00:39,2.76,407,-1
14:00:42,2.77,7,1
14:00:45,2.77,288,1
14:00:48,2.77,93,1
14:00:51,2.76,1,-1
14:00:54,2.77,45,1
14:00:57,2.77,183,1
14:01:00,2.76,33,-1
14:01:03,2.76,2,-1
14:01:06,2.76,38,-1
14:01:09,2.76,17,-1
14:01:12,2.76,60,-1
14:01:15,2.76,42,-1
14:01:18,2.76,35,-1
14:01:21,2.76,64,-1
14:01:24,2.76,28,-1
14:01:27,2.76,29,-1
14:01:30,2.76,114,-1
14:01:33,2.76,103,-1
14:01:36,2.76,63,-1
14:01:39,2.76,161,-1
14:01:42,2.76,42,-1
14:01:45,2.76,135,-1
14:01:48,2.76,1,-1
14:01:51,2.76,1071,-1
14:01:54,2.76,204,-1
14:01:57,2.76,1725,-1
14:02:00,2.76,147,-1
14:02:03,2.76,389,-1
14:02:06,2.75,378,-1
14:02:09,2.76,157,1
14:02:12,2.75,300,-1
14:02:15,2.76,38,1
14:02:18,2.75,41,-1
14:02:21,2.75,88,-1
14:02:24,2.75,52,-1
14:02:27,2.75,151,-1
14:02:30,2.75,294,-1
14:02:33,2.75,39,-1
14:02:36,2.75,453,-1
14:02:39,2.75,232,-1
14:02:42,2.75,217,-1
14:02:45,2.75,81,-1
14:02:48,2.75,308,-1
14:02:51,2.75,143,-1
14:02:54,2.76,80,1
14:02:57,2.75,228,-1
14:03:00,2.75,49,-1
14:03:03,2.75,35,-1
14:03:06,2.75,300,-1
14:03:09,2.75,97,-1
14:03:12,2.75,407,-1
14:03:15,2.75,36,-1
14:03:18,2.75,596,-1
14:03:21,2.75,54,-1
14:03:24,2.75,128,-1
14:03:27,2.75,173,-1
14:03:30,2.76,496,1
14:03:33,2.76,213,1
14:03:36,2.75,45,-1
14:03:39,2.75,66,-1
14:03:42,2.75,20,-1
14:03:45,2.76,46,1
14:03:48,2.76,173,1
14:03:51,2.75,319,-1
14:03:54,2.76,72,1
14:03:57,2.75,14,-1
14:04:00,2.75,77,-1
14:04:03,2.75,163,-1
14:04:06,2.75,47,-1
14:04:09,2.75,24,-1
14:04:12,2.75,63,-1
14:04:15,2.75,28,-1
14:04:18,2.76,55,1
14:04:21,2.75,74,-1
14:04:24,2.75,86,-1
14:04:27,2.75,6,-1
14:04:30,2.75,54,-1
14:04:33,2.75,644,-1
14:04:36,2.75,356,-1
14:04:39,2.75,123,-1
14:04:42,2.75,154,-1
14:04:45,2.75,106,-1
14:04:48,2.75,292,-1
14:04:51,2.75,191,-1
14:04:54,2.76,207,1
14:04:57,2.76,365,1
14:05:00,2.75,311,-1
14:05:03,2.76,48,1
14:05:06,2.75,635,-1
14:05:09,2.76,145,1
14:05:12,2.75,247,-1
14:05:15,2.76,544,1
14:05:18,2.76,119,-1
14:05:21,2.76,53,-1
14:05:24,2.76,13,-1
14:05:27,2.76,31,-1
14:05:30,2.76,65,-1
14:05:33,2.76,29,-1
14:05:36,2.76,120,-1
14:05:39,2.76,55,-1
14:05:42,2.76,30,-1
14:05:45,2.76,92,-1
14:05:48,2.76,259,-1
14:05:51,2.76,118,-1
14:05:54,2.76,24,-1
14:05:57,2.77,49,1
14:06:00,2.76,11,-1
14:06:03,2.76,18,-1
14:06:06,2.76,1150,-1
14:06:09,2.76,239,-1
14:06:12,2.76,211,-1
14:06:15,2.76,211,-1
14:06:18,2.76,242,-1
14:06:21,2.76,61,-1
14:06:24,2.76,323,-1
14:06:27,2.76,205,-1
14:06:30,2.76,41,-1
14:06:33,2.76,50,-1
14:06:36,2.76,483,-1
14:06:39,2.76,159,-1
14:06:42,2.76,123,-1
14:06:45,2.76,133,-1
14:06:48,2.76,58,-1
14:06:51,2.76,91,-1
14:06:54,2.76,165,-1
14:06:57,2.76,75,-1
14:07:00,2.75,570,-1
14:07:03,2.75,12,-1
14:07:06,2.75,144,-1
14:07:09,2.76,52,1
14:07:12,2.75,137,-1
14:07:15,2.75,20,-1
14:07:18,2.75,63,-1
14:07:21,2.75,71,-1
14:07:24,2.75,250,-1
14:07:27,2.75,561,-1
14:07:30,2.75,78,-1
14:07:33,2.75,20,-1
14:07:36,2.75,521,-1
14:07:39,2.75,298,-1
14:07:42,2.75,46,-1
14:07:45,2.75,41,-1
14:07:48,2.75,67,-1
14:07:51,2.75,23,-1
14:07:54,2.75,33,-1
14:07:57,2.76,26,1
14:08:00,2.75,496,-1
14:08:03,2.75,46,-1
14:08:06,2.75,28,-1
14:08:09,2.75,37,-1
14:08:12,2.75,16,-1
14:08:15,2.75,105,-1
14:08:18,2.76,28,1
14:08:21,2.75,48,-1
14:08:24,2.75,201,-1
14:08:27,2.75,8,-1
14:08:30,2.75,254,-1
14:08:33,2.75,355,-1
14:08:36,2.75,140,-1
14:08:39,2.75,263,-1
14:08:42,2.76,71,1
14:08:45,2.76,14,-1
14:08:48,2.76,16,-1
14:08:51,2.75,74,-1
14:08:54,2.76,106,1
14:08:57,2.75,36,-1
14:09:00,2.76,158,1
14:09:03,2.76,29,1
14:09:06,2.75,36,-1
14:09:09,2.76,223,1
14:09:12,2.76,56,-1
14:09:15,2.76,20,-1
14:09:18,2.76,8,-1
14:09:21,2.76,121,-1
14:09:24,2.76,195,-1
14:09:27,2.76,901,-1
14:09:30,2.76,164,-1
14:09:33,2.76,45,-1
14:09:36,2.76,16,-1
14:09:39,2.76,118,-1
14:09:42,2.76,44,-1
14:09:45,2.76,110,-1
14:09:48,2.76,271,-1
14:09:51,2.76,134,-1
14:09:54,2.76,271,-1
14:09:57,2.76,203,-1
14:10:00,2.76,44,-1
14:10:03,2.76,87,-1
14:10:06,2.76,48,-1
14:10:09,2.76,64,-1
14:10:12,2.76,12,-1
14:10:15,2.76,68,-1
14:10:18,2.76,117,-1
14:10:21,2.76,48,-1
14:10:24,2.76,22,-1
14:10:27,2.76,25,-1
14:10:30,2.76,55,-1
14:10:33,2.76,35,-1
14:10:36,2.76,16,-1
14:10:39,2.76,38,-1
14:10:42,2.76,138,-1
14:10:45,2.76,97,-1
14:10:48,2.76,131,-1
14:10:51,2.76,55,-1
14:10:54,2.76,164,-1
14:10:57,2.75,1079,-1
14:11:00,2.76,67,1
14:11:03,2.75,111,-1
14:11:06,2.76,45,1
14:11:09,2.75,90,-1
14:11:12,2.75,78,-1
14:11:15,2.75,16,-1
14:11:18,2.75,64,-1
14:11:21,2.75,30,-1
14:11:24,2.75,43,-1
14:11:27,2.75,280,-1
14:11:30,2.76,38,1
14:11:33,2.76,55,1
14:11:36,2.75,222,-1
14:11:39,2.76,19,1
14:11:42,2.75,53,-1
14:11:45,2.75,75,-1
14:11:48,2.75,38,-1
14:11:51,2.75,8,-1
14:11:54,2.75,26,-1
14:11:57,2.75,107,-1
14:12:00,2.75,194,-1
14:12:03,2.76,30,1
14:12:06,2.75,225,-1
14:12:09,2.76,31,1
14:12:12,2.75,59,-1
14:12:15,2.75,220,-1
14:12:18,2.75,182,-1
14:12:21,2.75,167,-1
14:12:24,2.75,76,-1
14:12:27,2.75,91,-1
14:12:30,2.75,166,-1
14:12:33,2.75,90,-1
14:12:36,2.76,67,1
14:12:39,2.75,32,-1
14:12:42,2.75,44,-1
14:12:45,2.75,33,-1
14:12:48,2.75,20,-1
14:12:51,2.75,119,-1
14:12:54,2.75,134,-1
14:12:57,2.75,114,-1
14:13:00,2.75,189,-1
14:13:03,2.75,180,-1
14:13:06,2.75,27,-1
14:13:09,2.75,29,-1
14:13:12,2.75,33,-1
14:13:15,2.75,83,-1
14:13:18,2.76,1268,1
14:13:21,2.75,40,-1
14:13:24,2.75,35,-1
14:13:27,2.75,180,-1
14:13:30,2.76,33,1
14:13:33,2.76,117,1
14:13:36,2.75,25,-1
14:13:39,2.75,195,-1
14:13:42,2.75,38,-1
14:13:45,2.75,32,-1
14:13:48,2.76,655,1
14:13:51,2.75,35,-1
14:13:54,2.75,113,-1
14:13:57,2.75,449,-1
14:14:00,2.76,182,1
14:14:03,2.75,55,-1
14:14:06,2.75,266,-1
14:14:09,2.75,15,-1
14:14:12,2.75,7,-1
14:14:15,2.75,47,-1
14:14:18,2.75,35,-1
14:14:21,2.75,11,-1
14:14:24,2.75,3,-1
14:14:27,2.75,487,-1
14:14:30,2.75,33,-1
14:14:33,2.75,145,-1
14:14:36,2.75,48,-1
14:14:39,2.75,51,-1
14:14:42,2.75,139,-1
14:14:45,2.75,15,-1
14:14:48,2.75,130,-1
14:14:51,2.76,78,1
14:14:54,2.76,25,1
14:14:57,2.75,434,-1
14:15:00,2.75,51,-1
14:15:03,2.75,103,-1
14:15:06,2.75,22,-1
14:15:09,2.75,27,-1
14:15:12,2.75,75,-1
14:15:15,2.76,131,1
14:15:18,2.75,93,-1
14:15:21,2.76,38,1
14:15:24,2.75,25,-1
14:15:27,2.75,118,-1
14:15:30,2.75,175,-1
14:15:33,2.75,53,-1
14:15:36,2.76,16,1
14:15:39,2.75,61,-1
14:15:42,2.75,43,-1
14:15:45,2.75,47,-1
14:15:48,2.75,59,-1
14:15:51,2.75,30,-1
14:15:54,2.75,23,-1
14:15:57,2.75,58,-1
14:16:00,2.75,41,-1
14:16:03,2.76,64,1
14:16:06,2.75,162,-1
14:16:09,2.75,27,-1
14:16:12,2.76,17,1
14:16:15,2.75,70,-1
14:16:18,2.75,22,-1
14:16:21,2.76,25,1
14:16:24,2.75,41,-1
14:16:27,2.75,26,-1
14:16:30,2.75,67,-1
14:16:33,2.75,45,-1
14:16:36,2.75,41,-1
14:16:39,2.75,60,-1
14:16:42,2.75,23,-1
14:16:45,2.75,6,-1
14:16:48,2.75,67,-1
14:16:51,2.76,115,1
14:16:54,2.75,53,-1
14:16:57,2.75,373,-1
14:17:00,2.75,33,-1
14:17:03,2.75,24,-1
14:17:06,2.75,145,-1
14:17:09,2.76,32,1
14:17:12,2.75,114,-1
14:17:15,2.75,55,-1
14:17:18,2.75,53,-1
14:17:21,2.75,172,-1
14:17:24,2.75,18,-1
14:17:27,2.75,218,-1
14:17:30,2.76,511,1
14:17:33,2.75,134,-1
14:17:36,2.75,40,-1
14:17:39,2.75,122,-1
14:17:42,2.75,11,-1
14:17:45,2.75,827,-1
14:17:48,2.75,61,-1
14:17:51,2.75,66,-1
14:17:54,2.76,282,1
14:17:57,2.75,226,-1
14:18:00,2.75,66,-1
14:18:03,2.75,30,-1
14:18:06,2.75,39,-1
14:18:09,2.75,28,-1
14:18:12,2.75,85,-1
14:18:15,2.75,240,-1
14:18:18,2.75,24,-1
14:18:21,2.76,217,1
14:18:24,2.75,19,-1
14:18:27,2.75,103,-1
14:18:30,2.75,15,-1
14:18:33,2.75,7,-1
14:18:36,2.75,39,-1
14:18:39,2.75,53,-1
14:18:42,2.75,256,-1
14:18:45,2.75,128,-1
14:18:48,2.75,263,-1
14:18:51,2.75,164,-1
14:18:54,2.75,57,-1
14:18:57,2.75,49,-1
14:19:00,2.75,20,-1
14:19:03,2.75,370,-1
14:19:06,2.75,334,-1
14:19:09,2.76,57,1
14:19:12,2.75,728,-1
14:19:15,2.75,531,-1
14:19:18,2.75,398,-1
14:19:21,2.75,90,-1
14:19:24,2.75,164,-1
14:19:27,2.75,89,-1
14:19:30,2.75,82,-1
14:19:33,2.75,122,-1
14:19:36,2.75,67,-1
14:19:39,2.75,534,-1
14:19:42,2.76,278,1
14:19:45,2.75,62,-1
14:19:48,2.75,2,-1
14:19:51,2.75,164,-1
14:19:54,2.75,376,-1
14:19:57,2.75,1254,-1
14:20:00,2.75,72,-1
14:20:03,2.75,267,-1
14:20:06,2.75,222,-1
14:20:09,2.75,17,-1
14:20:12,2.75,138,-1
14:20:15,2.75,406,-1
14:20:18,2.76,29,1
14:20:21,2.75,104,-1
14:20:24,2.75,345,-1
14:20:27,2.75,1925,-1
14:20:30,2.75,116,-1
14:20:33,2.75,94,-1
14:20:36,2.75,40,-1
14:20:39,2.75,150,-1
14:20:42,2.75,545,-1
14:20:45,2.75,152,-1
14:20:48,2.75,156,-1
14:20:51,2.75,127,-1
14:20:54,2.76,61,1
14:20:57,2.75,23,-1
14:21:00,2.75,5,-1
14:21:03,2.75,5,-1
14:21:06,2.75,435,-1
14:21:09,2.75,397,-1
14:21:12,2.75,151,-1
14:21:15,2.75,123,-1
14:21:18,2.75,416,-1
14:21:21,2.75,232,-1
14:21:24,2.75,313,-1
14:21:27,2.76,639,1
14:21:30,2.75,190,-1
14:21:33,2.75,172,-1
14:21:36,2.75,1136,-1
14:21:39,2.75,106,-1
14:21:42,2.75,2097,-1
14:21:45,2.75,737,-1
14:21:48,2.75,340,-1
14:21:51,2.75,3452,-1
14:21:54,2.75,157,-1
14:21:57,2.75,178,1
14:22:00,2.75,15,1
14:22:03,2.75,35,1
14:22:06,2.75,83,1
14:22:09,2.75,158,1
14:22:12,2.75,37,1
14:22:15,2.75,8,1
14:22:18,2.75,6,1
14:22:21,2.75,1,1
14:22:24,2.75,47,1
14:22:27,2.75,19,1
14:22:30,2.75,24,1
14:22:33,2.75,230,1
14:22:36,2.75,70,1
14:22:39,2.75,1,1
14:22:45,2.75,2,1
14:22:48,2.75,5,1
14:22:51,2.75,4,1
14:22:54,2.75,10,1
14:22:57,2.75,14,1
14:23:00,2.75,34,1
14:23:03,2.75,14,1
14:23:09,2.75,23,1
14:23:12,2.75,63,1
14:23:21,2.75,18,1
14:23:24,2.75,10,1
14:23:27,2.75,12,1
14:23:30,2.75,504,1
14:23:33,2.75,3,1
14:23:45,2.75,157,1
14:23:48,2.75,14,1
14:23:54,2.75,123,1
14:23:57,2.75,11,1
14:24:03,2.75,65,1
14:24:09,2.75,110,1
14:24:12,2.75,71,1
14:24:15,2.75,22,1
14:24:18,2.75,7,1
14:24:27,2.75,108,1
14:24:30,2.75,1,1
14:24:33,2.75,213,1
14:24:36,2.75,1,1
14:24:39,2.75,18,1
14:24:42,2.75,107,1
14:24:45,2.75,10,1
14:24:48,2.75,1,1
14:24:51,2.75,10,1
14:24:57,2.75,129,1
14:25:00,2.75,15,1
14:25:03,2.75,5,1
14:25:06,2.75,10,1
14:25:09,2.75,10,1
14:25:12,2.75,16,1
14:25:15,2.75,14,1
14:25:18,2.75,62,1
14:25:21,2.75,50,1
14:25:24,2.75,23,1
14:25:27,2.75,15,1
14:25:30,2.75,10,1
14:25:39,2.75,49,1
14:25:42,2.75,39,1
14:25:48,2.75,59,1
14:25:51,2.75,337,1
14:25:54,2.75,181,1
14:26:00,2.75,1,1
14:26:03,2.75,6,1
14:26:06,2.75,73,1
14:26:09,2.75,9,1
14:26:12,2.75,65,1
14:26:15,2.75,36,1
14:26:18,2.75,42,1
14:26:21,2.75,75,1
14:26:24,2.75,16,1
14:26:30,2.75,53,1
14:26:33,2.75,30,1
14:26:36,2.75,2,1
14:26:39,2.75,10,1
14:26:45,2.75,41,1
14:26:48,2.75,1,1
14:26:54,2.75,95,1
14:26:57,2.75,100,1
14:27:03,2.75,10,1
14:27:06,2.75,5,1
14:27:09,2.75,6,1
14:27:12,2.75,537,1
14:27:21,2.75,104,1
14:27:24,2.75,5,1
14:27:27,2.75,15,1
14:27:30,2.75,20,1
14:27:33,2.75,11,1
14:27:36,2.75,30,1
14:27:39,2.75,2,1
14:27:48,2.75,4,1
14:27:51,2.75,76,1
14:27:54,2.75,9,1
14:27:57,2.75,567,1
14:28:00,2.75,20,1
14:28:03,2.75,7,1
14:28:06,2.75,10,1
14:28:09,2.75,10,1
14:28:18,2.75,15,1
14:28:21,2.75,10,1
14:28:24,2.75,55,1
14:28:30,2.75,23,1
14:28:33,2.75,63,1
14:28:36,2.75,10,1
14:28:39,2.75,10,1
14:28:42,2.75,38,1
14:28:45,2.75,17,1
14:28:48,2.75,48,1
14:28:51,2.75,356,1
14:28:54,2.75,1,1
14:28:57,2.75,114,1
14:29:00,2.75,6,1
14:29:03,2.75,18,1
14:29:12,2.75,40,1
14:29:15,2.75,31,1
14:29:18,2.75,103,1
14:29:21,2.75,217,1
14:29:24,2.75,2,1
14:29:27,2.75,30,1
14:29:39,2.75,477,1
14:29:42,2.75,14,1
14:29:45,2.75,180,1
14:29:51,2.75,2,1
14:29:54,2.75,2,1
14:30:00,2.75,40,1
14:30:03,2.75,13,1
14:30:06,2.75,74,1
14:30:12,2.75,315,1
14:30:15,2.75,9,1
14:30:18,2.75,108,1
14:30:21,2.75,30,1
14:30:24,2.75,40,1
14:30:30,2.75,82,1
14:30:33,2.75,56,1
14:30:36,2.75,15,1
14:30:39,2.75,39,1
14:30:42,2.75,20,1
14:30:48,2.75,237,1
14:30:51,2.75,11,1
14:30:54,2.75,212,1
14:30:57,2.75,66,1
14:31:00,2.75,86,1
14:31:03,2.75,136,1
14:31:06,2.75,368,1
14:31:09,2.75,99,1
14:31:12,2.75,7,1
14:31:15,2.75,26,1
14:31:21,2.75,329,1
14:31:24,2.75,103,1
14:31:27,2.75,304,1
14:31:30,2.75,472,1
14:31:33,2.75,172,1
14:31:36,2.75,252,1
14:31:39,2.75,545,1
14:31:42,2.75,213,1
14:31:45,2.75,512,1
14:31:48,2.75,862,1
14:31:51,2.75,955,1
14:31:54,2.75,1217,1
14:31:57,2.75,1000,1
14:32:00,2.75,22,-1
14:32:03,2.76,18,1
14:32:06,2.76,106,1
14:32:09,2.76,13,1
14:32:12,2.76,344,1
14:32:15,2.76,5,1
14:32:18,2.76,106,1
14:32:21,2.75,241,-1
14:32:24,2.76,353,1
14:32:27,2.75,58,-1
14:32:30,2.76,27,1
14:32:33,2.76,67,1
14:32:36,2.75,152,-1
14:32:39,2.76,122,1
14:32:42,2.75,6,-1
14:32:45,2.76,53,1
14:32:48,2.76,72,1
14:32:51,2.75,249,-1
14:32:54,2.75,66,-1
14:32:57,2.75,231,-1
14:33:00,2.76,9,1
14:33:03,2.75,22,-1
14:33:06,2.75,55,-1
14:33:09,2.76,114,1
14:33:12,2.75,33,-1
14:33:15,2.76,17,1
14:33:18,2.75,53,-1
14:33:21,2.76,11,1
14:33:24,2.75,88,-1
14:33:27,2.75,21,-1
14:33:30,2.75,69,-1
14:33:36,2.75,45,-1
14:33:39,2.75,121,-1
14:33:42,2.76,278,1
14:33:45,2.75,10,-1
14:33:48,2.75,58,-1
14:33:51,2.75,209,-1
14:33:57,2.75,36,-1
14:34:00,2.75,392,-1
14:34:03,2.76,12,1
14:34:06,2.75,113,-1
14:34:09,2.76,102,1
14:34:12,2.75,28,-1
14:34:15,2.76,75,1
14:34:18,2.76,640,1
14:34:21,2.75,3,-1
14:34:24,2.76,107,1
14:34:27,2.76,219,1
14:34:30,2.75,19,-1
14:34:33,2.75,138,-1
14:34:36,2.76,14,1
14:34:39,2.75,123,-1
14:34:42,2.75,77,-1
14:34:45,2.75,26,-1
14:34:48,2.75,100,-1
14:34:51,2.75,76,-1
14:34:54,2.75,131,-1
14:34:57,2.76,41,1
14:35:00,2.76,81,1
14:35:03,2.75,10,-1
14:35:06,2.75,200,-1
14:35:09,2.75,125,-1
14:35:12,2.75,16,-1
14:35:15,2.76,22,1
14:35:18,2.75,22,-1
14:35:21,2.75,10,-1
14:35:24,2.75,18,-1
14:35:27,2.76,1,1
14:35:30,2.75,92,-1
14:35:33,2.75,55,-1
14:35:36,2.75,414,-1
14:35:39,2.76,24,1
14:35:42,2.75,1,-1
14:35:45,2.76,18,1
14:35:48,2.76,56,1
14:35:51,2.76,98,1
14:35:54,2.75,46,-1
14:35:57,2.75,51,-1
14:36:00,2.75,28,-1
14:36:03,2.75,2,-1
14:36:06,2.75,309,-1
14:36:09,2.76,34,1
14:36:12,2.75,254,-1
14:36:15,2.75,198,-1
14:36:18,2.75,5,-1
14:36:21,2.75,68,-1
14:36:24,2.75,12,-1
14:36:27,2.76,60,1
14:36:30,2.75,13,-1
14:36:33,2.76,338,1
14:36:36,2.75,164,-1
14:36:39,2.75,191,-1
14:36:42,2.75,199,-1
14:36:45,2.75,766,-1
14:36:48,2.75,238,-1
14:36:51,2.75,395,-1
14:36:54,2.76,21,1
14:36:57,2.75,81,-1
14:37:00,2.75,83,-1
14:37:03,2.76,6,1
14:37:06,2.75,63,-1
14:37:09,2.75,15,-1
14:37:12,2.75,125,-1
14:37:15,2.76,165,1
14:37:18,2.75,15,-1
14:37:21,2.75,148,-1
14:37:24,2.75,5,-1
14:37:27,2.75,169,-1
14:37:30,2.76,364,1
14:37:33,2.75,15,-1
14:37:36,2.75,29,-1
14:37:39,2.76,1,1
14:37:42,2.75,71,-1
14:37:45,2.75,104,-1
14:37:48,2.75,34,-1
14:37:54,2.75,83,-1
14:37:57,2.75,61,-1
14:38:00,2.75,565,-1
14:38:03,2.75,74,-1
14:38:06,2.75,47,-1
14:38:09,2.76,78,1
14:38:12,2.76,114,1
14:38:15,2.75,181,-1
14:38:18,2.76,117,1
14:38:21,2.75,58,-1
14:38:24,2.75,104,-1
14:38:27,2.75,29,-1
14:38:30,2.75,134,-1
14:38:36,2.75,540,-1
14:38:39,2.75,31,-1
14:38:42,2.75,40,-1
14:38:45,2.76,112,1
14:38:48,2.75,21,-1
14:38:51,2.75,231,-1
14:38:54,2.75,187,-1
14:38:57,2.75,968,-1
14:39:00,2.75,344,-1
14:39:03,2.75,1861,-1
14:39:06,2.75,793,-1
14:39:09,2.75,552,-1
14:39:12,2.75,2123,-1
14:39:15,2.75,1526,-1
14:39:18,2.75,96,1
14:39:21,2.75,4,1
14:39:24,2.75,156,1
14:39:27,2.75,30,1
14:39:30,2.75,2,1
14:39:33,2.75,95,1
14:39:36,2.75,21,1
14:39:39,2.75,294,1
14:39:42,2.75,125,1
14:39:45,2.75,6,1
14:39:48,2.75,39,1
14:39:54,2.75,6,1
14:39:57,2.75,110,1
14:40:03,2.75,754,1
14:40:06,2.75,310,1
14:40:09,2.75,3,1
14:40:12,2.75,1112,1
14:40:15,2.75,87,1
14:40:18,2.75,183,1
14:40:21,2.75,145,1
14:40:24,2.75,308,1
14:40:27,2.75,26,1
14:40:30,2.75,67,1
14:40:33,2.75,200,1
14:40:36,2.75,119,1
14:40:39,2.75,104,1
14:40:45,2.75,15,1
14:40:48,2.75,202,1
14:40:51,2.75,45,1
14:40:54,2.75,319,1
14:40:57,2.75,395,1
14:41:03,2.75,49,1
14:41:06,2.75,199,1
14:41:09,2.75,104,1
14:41:12,2.75,80,1
14:41:15,2.75,163,1
14:41:18,2.75,249,1
14:41:21,2.75,70,1
14:41:24,2.75,5,1
14:41:27,2.75,9,1
14:41:30,2.75,35,1
14:41:33,2.75,65,1
14:41:36,2.75,18,1
14:41:39,2.75,371,1
14:41:42,2.75,11,1
14:41:45,2.75,58,1
14:41:48,2.75,26,1
14:41:51,2.75,33,1
14:41:54,2.75,125,1
14:42:00,2.75,129,1
14:42:03,2.75,36,1
14:42:06,2.75,15,1
14:42:09,2.75,20,1
14:42:12,2.75,15,1
14:42:15,2.75,211,1
14:42:18,2.75,27,1
14:42:24,2.75,356,1
14:42:27,2.75,113,1
14:42:30,2.75,5,1
14:42:33,2.75,38,1
14:42:36,2.75,82,1
14:42:39,2.75,12,1
14:42:42,2.75,164,1
14:42:45,2.75,2,1
14:42:54,2.75,1632,1
14:42:57,2.75,66,1
14:43:00,2.75,26,1
14:43:03,2.75,129,1
14:43:06,2.75,43,1
14:43:09,2.75,78,1
14:43:12,2.75,1,1
14:43:15,2.75,5,1
14:43:18,2.75,10,1
14:43:24,2.75,5,1
14:43:33,2.75,66,1
14:43:39,2.75,20,1
14:43:42,2.75,500,1
14:43:45,2.75,1,1
14:43:54,2.75,5,1
14:43:57,2.75,10,1
14:44:00,2.75,1042,1
14:44:03,2.75,21,1
14:44:06,2.75,4,1
14:44:09,2.75,4,1
14:44:12,2.75,16,1
14:44:18,2.75,10,1
14:44:21,2.75,197,1
14:44:24,2.75,21,1
14:44:27,2.75,20,1
14:44:30,2.75,15,1
14:44:33,2.75,34,1
14:44:39,2.75,47,1
14:44:42,2.75,34,1
14:44:45,2.75,9,1
14:44:48,2.75,25,1
14:44:51,2.75,85,1
14:44:54,2.75,36,1
14:44:57,2.75,60,1
14:45:00,2.75,29,1
14:45:06,2.75,31,1
14:45:09,2.75,20,1
14:45:12,2.75,10,1
14:45:15,2.75,116,1
14:45:18,2.75,24,1
14:45:21,2.75,54,1
14:45:24,2.75,174,1
14:45:27,2.75,5,1
14:45:30,2.75,1,1
14:45:33,2.75,11,1
14:45:36,2.75,5,1
14:45:39,2.75,1574,1
14:45:42,2.75,220,1
14:45:45,2.75,9,1
14:45:48,2.75,48,1
14:45:51,2.75,4,1
14:45:57,2.75,44,1
14:46:00,2.75,18,1
14:46:06,2.75,47,1
14:46:09,2.75,12,1
14:46:12,2.75,51,1
14:46:18,2.75,13,1
14:46:24,2.75,108,1
14:46:30,2.75,154,1
14:46:33,2.75,49,1
14:46:36,2.75,58,1
14:46:39,2.75,19,1
14:46:42,2.75,2,1
14:46:48,2.75,2,1
14:46:51,2.75,14,1
14:46:54,2.75,19,1
14:46:57,2.75,14,1
14:47:00,2.75,91,1
14:47:03,2.75,2,1
14:47:06,2.75,133,1
14:47:09,2.75,59,1
14:47:12,2.75,3,1
14:47:15,2.75,3,1
14:47:21,2.75,290,1
14:47:24,2.75,35,1
14:47:27,2.75,12,1
14:47:30,2.75,40,1
14:47:36,2.75,130,1
14:47:39,2.75,3,1
14:47:42,2.75,182,1
14:47:45,2.75,6,1
14:47:48,2.75,633,1
14:47:51,2.75,71,1
14:47:54,2.75,41,1
14:47:57,2.75,18,1
14:48:00,2.75,57,1
14:48:03,2.75,140,1
14:48:06,2.75,30,1
14:48:09,2.75,1,1
14:48:18,2.75,3,1
14:48:21,2.75,6,1
14:48:24,2.75,22,1
14:48:27,2.75,92,1
14:48:30,2.75,19,1
14:48:33,2.75,105,1
14:48:36,2.75,9,1
14:48:39,2.75,1,1
14:48:42,2.75,71,1
14:48:45,2.75,11,1
14:48:51,2.75,46,1
14:48:54,2.75,636,1
14:49:00,2.75,76,1
14:49:03,2.75,293,1
14:49:06,2.75,31,1
14:49:09,2.75,49,1
14:49:15,2.75,3,1
14:49:18,2.75,11,1
14:49:21,2.75,69,1
14:49:24,2.75,10,1
14:49:27,2.75,11,1
14:49:30,2.75,203,1
14:49:33,2.75,1,1
14:49:36,2.75,10,1
14:49:39,2.75,42,1
14:49:42,2.75,46,1
14:49:45,2.75,114,1
14:49:48,2.75,494,1
14:49:51,2.75,17,1
14:49:57,2.75,42,1
14:50:00,2.75,3,1
14:50:06,2.75,24,1
14:50:09,2.75,2,1
14:50:12,2.75,5,1
14:50:15,2.75,10,1
14:50:18,2.75,1,1
14:50:21,2.75,40,1
14:50:30,2.75,4,1
14:50:36,2.75,13,1
14:50:42,2.75,50,1
14:50:48,2.75,5,1
14:50:51,2.75,26,1
14:50:57,2.75,1,1
14:51:03,2.75,10,1
14:51:06,2.75,10,1
14:51:09,2.75,15,1
14:51:15,2.75,50,1
14:51:24,2.75,4,1
14:51:27,2.75,61,1
14:51:30,2.75,98,1
14:51:33,2.75,21,1
14:51:36,2.75,10,1
14:51:39,2.75,44,1
14:51:48,2.75,6,1
14:51:54,2.75,15,1
14:52:00,2.75,111,1
14:52:03,2.75,71,1
14:52:06,2.75,28,1
14:52:09,2.75,10,1
14:52:12,2.75,73,1
14:52:21,2.75,28,1
14:52:33,2.75,177,1
14:52:36,2.75,31,1
14:52:39,2.75,20,1
14:52:42,2.75,50,1
14:52:48,2.75,13,1
14:52:54,2.75,12,1
14:53:00,2.75,13,1
14:53:06,2.75,12,1
14:53:09,2.75,55,1
14:53:12,2.75,19,1
14:53:15,2.75,2,1
14:53:18,2.75,112,1
14:53:21,2.75,3,1
14:53:24,2.75,842,1
14:53:27,2.75,29,1
14:53:30,2.75,138,1
14:53:33,2.75,6,1
14:53:36,2.75,10,1
14:53:39,2.75,173,1
14:53:42,2.75,4,1
14:53:45,2.75,12,1
14:53:51,2.75,39,1
14:53:54,2.75,154,1
14:53:57,2.75,15,1
14:54:00,2.75,40,1
14:54:06,2.75,193,1
14:54:09,2.75,220,1
14:54:12,2.75,30,1
14:54:15,2.75,12,1
14:54:18,2.75,4,1
14:54:21,2.75,35,1
14:54:24,2.75,21,1
14:54:30,2.75,10,1
14:54:36,2.75,20,1
14:54:39,2.75,83,1
14:54:42,2.75,18,1
14:54:45,2.75,147,1
14:54:51,2.75,17,1
14:54:54,2.75,150,1
14:54:57,2.75,100,1
14:55:00,2.75,80,1
14:55:03,2.75,60,1
14:55:06,2.75,99,1
14:55:09,2.75,10,1
14:55:12,2.75,201,1
14:55:18,2.75,199,1
14:55:21,2.75,56,1
14:55:24,2.75,86,1
14:55:27,2.75,8,1
14:55:30,2.75,18,1
14:55:33,2.75,20,1
14:55:36,2.75,15,1
14:55:39,2.75,19,1
14:55:42,2.75,1,1
14:55:45,2.75,18,1
14:55:48,2.75,109,1
14:55:54,2.75,71,1
14:55:57,2.75,18,1
14:56:00,2.75,34,1
14:56:03,2.75,390,1
14:56:06,2.75,2,1
14:56:09,2.75,2,1
14:56:12,2.75,34,1
14:56:15,2.75,178,1
14:56:18,2.75,50,1
14:56:21,2.75,42,1
14:56:24,2.75,58,1
14:56:27,2.75,42,1
14:56:30,2.75,46,1
14:56:33,2.75,85,1
14:56:36,2.75,33,1
14:56:39,2.75,9,1
14:56:42,2.75,1155,1
14:56:45,2.75,247,1
14:56:48,2.75,76,1
14:56:51,2.75,9,1
14:56:54,2.75,11,1
14:56:57,2.75,116,1
14:57:00,2.75,1470,1
15:00:00,2.75,4530,1
