时间,成交价,手数,买卖盘性质
09:15:00,1.48,29,0
09:15:09,1.48,2318,0
09:15:18,1.48,2318,0
09:15:27,1.48,2318,0
09:15:36,1.48,2318,0
09:15:45,1.48,2291,0
09:15:54,1.48,2290,0
09:16:03,1.48,2290,0
09:16:12,1.48,2330,0
09:16:21,1.48,7330,0
09:16:30,1.48,7532,0
09:16:39,1.48,7659,0
09:16:48,1.48,7659,0
09:16:57,1.48,7659,0
09:17:06,1.48,7798,0
09:17:15,1.48,2797,0
09:17:24,1.48,2788,0
09:17:33,1.48,2909,0
09:17:42,1.48,1195,0
09:17:51,1.48,983,0
09:18:00,1.48,1008,0
09:18:09,1.48,908,0
09:18:18,1.48,776,0
09:18:27,1.48,778,0
09:18:36,1.48,755,0
09:18:45,1.48,755,0
09:18:54,1.48,755,0
09:19:03,1.48,626,0
09:19:12,1.48,626,0
09:19:21,1.48,637,0
09:19:30,1.48,637,0
09:19:39,1.48,638,0
09:19:48,1.48,638,0
09:19:57,1.48,638,0
09:20:00,1.48,638,0
09:20:09,1.48,638,0
09:20:18,1.48,638,0
09:20:27,1.48,638,0
09:20:36,1.48,645,0
09:20:45,1.48,645,0
09:20:54,1.48,683,0
09:21:03,1.48,684,0
09:21:12,1.48,693,0
09:21:21,1.48,705,0
09:21:30,1.48,705,0
09:21:39,1.48,705,0
09:21:48,1.48,705,0
09:21:57,1.48,705,0
09:22:06,1.48,710,0
09:22:15,1.48,777,0
09:22:24,1.48,777,0
09:22:33,1.48,787,0
09:22:42,1.48,787,0
09:22:51,1.48,787,0
09:23:00,1.48,787,0
09:23:09,1.48,806,0
09:23:18,1.48,806,0
09:23:27,1.48,806,0
09:23:36,1.48,811,0
09:23:45,1.48,811,0
09:23:54,1.48,841,0
09:24:03,1.48,841,0
09:24:12,1.48,841,0
09:24:21,1.48,841,0
09:24:30,1.48,841,0
09:24:39,1.48,841,0
09:24:48,1.48,841,0
09:24:57,1.48,866,0
09:25:00,1.48,902,1
09:30:00,1.48,21,1
09:30:03,1.48,439,1
09:30:06,1.48,6,1
09:30:12,1.48,34,1
09:30:21,1.48,1,1
09:30:24,1.48,10,1
09:30:27,1.48,8,1
09:30:36,1.48,2,1
09:30:45,1.48,35,1
09:30:51,1.48,10,1
09:30:54,1.48,8,1
09:31:00,1.48,1,1
09:31:21,1.48,1,1
09:31:51,1.48,6,1
09:32:00,1.48,200,1
09:32:21,1.48,3,1
09:32:39,1.48,14,1
09:33:45,1.48,11,1
09:34:09,1.48,10,1
09:34:15,1.48,3,1
09:34:27,1.48,3,1
09:34:45,1.48,6,1
09:36:00,1.48,1,1
09:36:27,1.48,5,1
09:36:45,1.48,2,1
09:37:12,1.48,2,1
09:37:15,1.48,4,1
09:37:30,1.48,7,1
09:37:54,1.48,2,1
09:39:18,1.48,102,1
09:39:45,1.48,3,1
09:39:51,1.48,2,1
09:40:00,1.48,1,1
09:40:09,1.48,1,1
09:41:09,1.48,28,1
09:41:12,1.48,2,1
09:41:18,1.48,6,1
09:41:33,1.48,1,1
09:41:36,1.48,7,1
09:43:15,1.48,5,1
09:44:12,1.48,5,1
09:45:12,1.48,10,1
09:45:15,1.48,2,1
09:45:27,1.48,7,1
09:45:30,1.48,2,1
09:46:39,1.48,4,1
09:46:45,1.48,2,1
09:47:39,1.48,1,1
09:47:45,1.48,1,1
09:48:39,1.48,10,1
09:48:48,1.48,24,1
09:49:00,1.48,10,1
09:49:09,1.48,10,1
09:49:15,1.48,3,1
09:49:27,1.48,34,1
09:49:36,1.48,9,1
09:50:12,1.48,20,1
09:51:27,1.48,2,1
09:52:12,1.48,1,1
09:52:18,1.48,22,1
09:52:48,1.48,9,1
09:53:21,1.48,1,1
09:53:33,1.48,13,1
09:53:39,1.48,6,1
09:53:51,1.48,9,1
09:54:00,1.48,2,1
09:54:30,1.48,1,1
09:54:39,1.48,17,1
09:54:45,1.48,30,1
09:54:51,1.48,12,1
09:56:00,1.48,8,1
09:56:21,1.48,6,1
09:57:09,1.48,1,1
09:57:12,1.48,16,1
09:57:42,1.48,10,1
09:58:24,1.48,3,1
09:58:51,1.48,8,1
09:59:30,1.48,10,1
10:00:15,1.48,3,1
10:00:30,1.48,21,1
10:02:03,1.48,2,1
10:02:12,1.48,4,1
10:02:15,1.48,1,1
10:02:21,1.48,13,1
10:02:30,1.48,10,1
10:02:57,1.48,19,1
10:04:48,1.48,67,1
10:06:09,1.48,10,1
10:06:57,1.48,4,1
10:07:30,1.48,2,1
10:08:39,1.48,1,1
10:08:48,1.48,10,1
10:09:24,1.48,1,1
10:09:39,1.48,14,1
10:10:39,1.48,17,1
10:10:42,1.48,3,1
10:10:45,1.48,1,1
10:11:03,1.48,10,1
10:11:54,1.48,20,1
10:12:24,1.48,1,1
10:12:42,1.48,11,1
10:12:51,1.48,1,1
10:13:06,1.48,2,1
10:13:48,1.48,8,1
10:14:21,1.48,1,1
10:15:12,1.48,5,1
10:16:03,1.48,5,1
10:16:06,1.48,45,1
10:16:18,1.48,2,1
10:16:30,1.48,30,1
10:16:45,1.48,14,1
10:16:54,1.48,10,1
10:17:03,1.48,9,1
10:17:12,1.48,3,1
10:17:15,1.48,3,1
10:17:30,1.48,19,1
10:17:33,1.48,8,1
10:17:36,1.48,2,1
10:17:42,1.48,21,1
10:18:09,1.48,49,1
10:18:18,1.48,10,1
10:18:30,1.48,3,1
10:18:51,1.48,3,1
10:19:00,1.48,2,1
10:19:03,1.48,34,1
10:19:06,1.48,19,1
10:19:18,1.48,1,1
10:19:21,1.48,7,1
10:19:24,1.48,10,1
10:19:33,1.48,1,1
10:20:09,1.48,13,1
10:20:18,1.48,1,1
10:20:24,1.48,8,1
10:20:30,1.48,100,1
10:20:39,1.48,31,1
10:20:42,1.48,1,1
10:20:51,1.48,25,1
10:21:00,1.48,4,1
10:21:12,1.48,1,1
10:21:27,1.48,4,1
10:21:39,1.48,23,1
10:21:54,1.48,20,1
10:21:57,1.48,30,1
10:22:03,1.48,15,1
10:22:21,1.48,1,1
10:22:24,1.48,4,1
10:22:27,1.48,23,1
10:22:30,1.48,5,1
10:22:48,1.48,20,1
10:22:51,1.48,5,1
10:23:03,1.48,178,1
10:23:18,1.48,3,1
10:23:21,1.48,28,1
10:23:36,1.48,18,1
10:23:48,1.48,20,1
10:23:51,1.48,136,1
10:23:57,1.48,2,1
10:24:03,1.48,14,1
10:24:06,1.48,2,1
10:24:09,1.48,1,1
10:24:18,1.48,1,1
10:24:21,1.48,34,1
10:24:24,1.48,6,1
10:24:30,1.48,13,1
10:24:33,1.48,54,1
10:24:36,1.48,13,1
10:24:39,1.48,2,1
10:24:42,1.48,126,1
10:24:45,1.48,1,1
10:24:48,1.48,2,1
10:24:57,1.48,90,1
10:25:09,1.48,2,1
10:25:12,1.48,1,1
10:25:21,1.48,24,1
10:25:27,1.48,51,1
10:25:36,1.48,226,1
10:25:42,1.48,100,1
10:25:48,1.48,134,1
10:25:51,1.48,16,1
10:25:54,1.48,98,1
10:25:57,1.48,18,1
10:26:00,1.48,4,1
10:26:03,1.48,14,1
10:26:06,1.48,250,1
10:26:09,1.48,982,1
10:26:12,1.48,69,1
10:26:15,1.48,109,1
10:26:18,1.48,70,1
10:26:27,1.48,64,1
10:26:30,1.48,430,1
10:26:33,1.48,298,1
10:26:36,1.48,987,1
10:26:39,1.48,1302,1
10:26:42,1.48,1162,1
10:26:45,1.48,1400,1
10:26:48,1.48,3379,1
10:26:51,1.48,1625,1
10:26:54,1.48,6956,1
10:26:57,1.48,2489,1
10:27:00,1.48,12355,1
10:27:03,1.48,9906,1
10:27:06,1.48,20355,1
10:27:09,1.48,8992,1
10:27:12,1.48,7093,1
10:27:15,1.48,4725,1
10:27:18,1.48,2782,1
10:27:21,1.48,791,1
10:27:24,1.48,1386,1
10:27:27,1.48,4696,1
10:27:30,1.48,4412,1
10:27:33,1.48,2260,1
10:27:36,1.48,3757,1
10:27:39,1.48,1360,1
10:27:42,1.48,4608,1
10:27:45,1.48,1718,1
10:27:48,1.48,1031,1
10:27:51,1.48,556,1
10:27:54,1.48,4127,1
10:27:57,1.48,3479,1
10:28:00,1.48,195,1
10:28:03,1.48,2649,1
10:28:06,1.48,754,1
10:28:09,1.48,540,1
10:28:12,1.48,5639,1
10:28:15,1.48,768,1
10:28:18,1.48,888,1
10:28:21,1.48,188,1
10:28:24,1.48,1191,1
10:28:27,1.48,1074,1
10:28:30,1.48,365,1
10:28:33,1.48,243,1
10:28:36,1.48,1401,1
10:28:39,1.48,1167,1
10:28:42,1.48,489,1
10:28:45,1.48,235,1
10:28:48,1.48,138,1
10:28:51,1.48,1978,1
10:28:54,1.48,98,1
10:28:57,1.48,93,1
10:29:00,1.48,177,1
10:29:03,1.48,98,1
10:29:06,1.48,429,1
10:29:09,1.48,289,1
10:29:12,1.48,230,1
10:29:15,1.48,36,1
10:29:18,1.48,221,1
10:29:21,1.48,364,1
10:29:24,1.48,703,1
10:29:27,1.48,16,1
10:29:30,1.48,1447,1
10:29:33,1.48,20,1
10:29:36,1.48,66,1
10:29:39,1.48,129,1
10:29:42,1.48,847,1
10:29:45,1.48,62,1
10:29:48,1.48,73,1
10:29:51,1.48,209,1
10:29:54,1.48,57,1
10:29:57,1.48,232,1
10:30:00,1.48,52,1
10:30:03,1.48,26,1
10:30:06,1.48,23,1
10:30:09,1.48,52,1
10:30:12,1.48,260,1
10:30:15,1.48,70,1
10:30:18,1.48,46,1
10:30:21,1.48,20,1
10:30:27,1.48,373,1
10:30:30,1.48,143,1
10:30:33,1.48,211,1
10:30:36,1.48,106,1
10:30:39,1.48,27,1
10:30:42,1.48,1922,1
10:30:45,1.48,368,1
10:30:48,1.48,71,1
10:30:51,1.48,134,1
10:30:54,1.48,50,1
10:30:57,1.48,94,1
10:31:00,1.48,65,1
10:31:03,1.48,350,1
10:31:06,1.48,257,1
10:31:09,1.48,188,1
10:31:12,1.48,166,1
10:31:15,1.48,56,1
10:31:18,1.48,53,1
10:31:21,1.48,60,1
10:31:24,1.48,64,1
10:31:27,1.48,223,1
10:31:30,1.48,116,1
10:31:33,1.48,610,1
10:31:36,1.48,10,1
10:31:39,1.48,57,1
10:31:42,1.48,27,1
10:31:45,1.48,144,1
10:31:48,1.48,259,1
10:31:51,1.48,18,1
10:31:54,1.48,337,1
10:31:57,1.48,8,1
10:32:00,1.48,19,1
10:32:03,1.48,1071,1
10:32:06,1.48,93,1
10:32:09,1.48,1388,1
10:32:15,1.48,22,1
10:32:18,1.48,14,1
10:32:21,1.48,18,1
10:32:24,1.48,261,1
10:32:27,1.48,130,1
10:32:30,1.48,22,1
10:32:33,1.48,13,1
10:32:36,1.48,149,1
10:32:39,1.48,25,1
10:32:42,1.48,200,1
10:32:45,1.48,24,1
10:32:48,1.48,11,1
10:32:51,1.48,1,1
10:32:54,1.48,30,1
10:32:57,1.48,1,1
10:33:00,1.48,156,1
10:33:03,1.48,18,1
10:33:06,1.48,5,1
10:33:09,1.48,15,1
10:33:12,1.48,52,1
10:33:15,1.48,1,1
10:33:18,1.48,31,1
10:33:21,1.48,6,1
10:33:24,1.48,21,1
10:33:30,1.48,727,1
10:33:33,1.48,204,1
10:33:36,1.48,900,1
10:33:39,1.48,55,1
10:33:42,1.48,39,1
10:33:45,1.48,23,1
10:33:48,1.48,222,1
10:33:51,1.48,1338,1
10:33:54,1.48,179,1
10:33:57,1.48,50,1
10:34:00,1.48,5,1
10:34:03,1.48,287,1
10:34:06,1.48,393,1
10:34:09,1.48,10,1
10:34:12,1.48,1390,1
10:34:15,1.48,69,1
10:34:18,1.48,46,1
10:34:21,1.48,13,1
10:34:24,1.48,28,1
10:34:27,1.48,30,1
10:34:30,1.48,253,1
10:34:33,1.48,208,1
10:34:36,1.48,61,1
10:34:39,1.48,22,1
10:34:42,1.48,224,1
10:34:45,1.48,80,1
10:34:48,1.48,76,1
10:34:51,1.48,151,1
10:34:54,1.48,16,1
10:34:57,1.48,4,1
10:35:00,1.48,100,1
10:35:03,1.48,8,1
10:35:06,1.48,50,1
10:35:09,1.48,85,1
10:35:12,1.48,1,1
10:35:15,1.48,26,1
10:35:18,1.48,396,1
10:35:21,1.48,20,1
10:35:24,1.48,85,1
10:35:27,1.48,94,1
10:35:30,1.48,11,1
10:35:33,1.48,16,1
10:35:36,1.48,5,1
10:35:39,1.48,3,1
10:35:45,1.48,130,1
10:35:48,1.48,7,1
10:35:54,1.48,18,1
10:35:57,1.48,16,1
10:36:00,1.48,21,1
10:36:06,1.48,10,1
10:36:09,1.48,132,1
10:36:12,1.48,100,1
10:36:21,1.48,63,1
10:36:24,1.48,2,1
10:36:27,1.48,80,1
10:36:30,1.48,218,1
10:36:33,1.48,107,1
10:36:36,1.48,9,1
10:36:39,1.48,84,1
10:36:42,1.48,45,1
10:36:45,1.48,236,1
10:36:48,1.48,100,1
10:36:51,1.48,152,1
10:36:54,1.48,30,1
10:36:57,1.48,9,1
10:37:00,1.48,546,1
10:37:03,1.48,330,1
10:37:06,1.48,263,1
10:37:09,1.48,8,1
10:37:12,1.48,86,1
10:37:15,1.48,12,1
10:37:18,1.48,28,1
10:37:21,1.48,43,1
10:37:27,1.48,140,1
10:37:30,1.48,13,1
10:37:33,1.48,1,1
10:37:36,1.48,38,1
10:37:39,1.48,26,1
10:37:42,1.48,3,1
10:37:45,1.48,9,1
10:37:48,1.48,1,1
10:37:54,1.48,3,1
10:38:03,1.48,1,1
10:38:06,1.48,7,1
10:38:09,1.48,63,1
10:38:12,1.48,10,1
10:38:15,1.48,75,1
10:38:21,1.48,98,1
10:38:24,1.48,2,1
10:38:27,1.48,1,1
10:38:33,1.48,37,1
10:38:39,1.48,76,1
10:38:42,1.48,8,1
10:38:57,1.48,7,1
10:39:00,1.48,30,1
10:39:03,1.48,27,1
10:39:06,1.48,100,1
10:39:09,1.48,10,1
10:39:15,1.48,5,1
10:39:18,1.48,13,1
10:39:21,1.48,11,1
10:39:24,1.48,8,1
10:39:27,1.48,9,1
10:39:30,1.48,7,1
10:39:36,1.48,72,1
10:39:42,1.48,10,1
10:40:09,1.48,107,1
10:40:15,1.48,6,1
10:40:18,1.48,84,1
10:40:21,1.48,1,1
10:40:27,1.48,8,1
10:40:30,1.48,1,1
10:40:33,1.48,110,1
10:40:36,1.48,20,1
10:40:39,1.48,4,1
10:40:45,1.48,138,1
10:40:51,1.48,7,1
10:40:54,1.48,23,1
10:40:57,1.48,10,1
10:41:00,1.48,7,1
10:41:03,1.48,103,1
10:41:12,1.48,8,1
10:41:21,1.48,10,1
10:41:24,1.48,200,1
10:41:27,1.48,89,1
10:41:30,1.48,6,1
10:41:33,1.48,50,1
10:41:36,1.48,15,1
10:41:39,1.48,1,1
10:41:42,1.48,12,1
10:41:45,1.48,7,1
10:41:48,1.48,343,1
10:41:51,1.48,13,1
10:41:57,1.48,718,1
10:42:00,1.48,2,1
10:42:03,1.48,1,1
10:42:06,1.48,15,1
10:42:09,1.48,23,1
10:42:15,1.48,7,1
10:42:18,1.48,244,1
10:42:21,1.48,105,1
10:42:24,1.48,13,1
10:42:27,1.48,36,1
10:42:30,1.48,4,1
10:42:33,1.48,9,1
10:42:36,1.48,30,1
10:42:39,1.48,1,1
10:42:42,1.48,27,1
10:42:45,1.48,98,1
10:42:57,1.48,7,1
10:43:00,1.48,520,1
10:43:03,1.48,7,1
10:43:06,1.48,51,1
10:43:09,1.48,4,1
10:43:12,1.48,33,1
10:43:15,1.48,24,1
10:43:18,1.48,1,1
10:43:21,1.48,18,1
10:43:24,1.48,9,1
10:43:27,1.48,27,1
10:43:30,1.48,10,1
10:43:42,1.48,15,1
10:43:45,1.48,1,1
10:43:48,1.48,30,1
10:43:54,1.48,4,1
10:43:57,1.48,6,1
10:44:00,1.48,29,1
10:44:06,1.48,71,1
10:44:09,1.48,76,1
10:44:12,1.48,11,1
10:44:15,1.48,14,1
10:44:18,1.48,254,1
10:44:21,1.48,17,1
10:44:24,1.48,13,1
10:44:27,1.48,2,1
10:44:36,1.48,130,1
10:44:39,1.48,20,1
10:44:42,1.48,15,1
10:44:48,1.48,40,1
10:44:51,1.48,22,1
10:44:54,1.48,23,1
10:44:57,1.48,149,1
10:45:06,1.48,130,1
10:45:09,1.48,5,1
10:45:33,1.48,40,1
10:45:42,1.48,115,1
10:45:45,1.48,1,1
10:45:54,1.48,88,1
10:45:57,1.48,101,1
10:46:03,1.48,2,1
10:46:06,1.48,11,1
10:46:09,1.48,40,1
10:46:15,1.48,141,1
10:46:18,1.48,1,1
10:46:24,1.48,23,1
10:46:27,1.48,1,1
10:46:36,1.48,39,1
10:46:39,1.48,621,1
10:46:42,1.48,204,1
10:46:48,1.48,1,1
10:46:51,1.48,110,1
10:46:54,1.48,3,1
10:46:57,1.48,177,1
10:47:03,1.48,20,1
10:47:12,1.48,100,1
10:47:15,1.48,40,1
10:47:18,1.48,110,1
10:47:21,1.48,2,1
10:47:24,1.48,1,1
10:47:30,1.48,15,1
10:47:33,1.48,46,1
10:47:36,1.48,1,1
10:47:39,1.48,21,1
10:47:42,1.48,471,1
10:47:48,1.48,6,1
10:47:51,1.48,200,1
10:47:57,1.48,140,1
10:48:00,1.48,24,1
10:48:03,1.48,30,1
10:48:09,1.48,68,1
10:48:24,1.48,50,1
10:48:27,1.48,34,1
10:48:30,1.48,1,1
10:48:33,1.48,50,1
10:48:36,1.48,2,1
10:48:42,1.48,20,1
10:48:45,1.48,504,1
10:48:48,1.48,74,1
10:48:51,1.48,87,1
10:48:54,1.48,61,1
10:48:57,1.48,5,1
10:49:03,1.48,1,1
10:49:06,1.48,85,1
10:49:12,1.48,92,1
10:49:18,1.48,7,1
10:49:21,1.48,36,1
10:49:27,1.48,1,1
10:49:30,1.48,5,1
10:49:33,1.48,208,1
10:49:42,1.48,2,1
10:49:45,1.48,33,1
10:49:48,1.48,66,1
10:49:54,1.48,10,1
10:49:57,1.48,5,1
10:50:03,1.48,9,1
10:50:21,1.48,10,1
10:50:27,1.48,35,1
10:50:30,1.48,6,1
10:50:42,1.48,13,1
10:50:45,1.48,3,1
10:51:00,1.48,5,1
10:51:15,1.48,6,1
10:51:18,1.48,21,1
10:51:21,1.48,5,1
10:51:39,1.48,22,1
10:51:42,1.48,1,1
10:51:48,1.48,25,1
10:51:51,1.48,8,1
10:52:00,1.48,9,1
10:52:18,1.48,1,1
10:52:36,1.48,52,1
10:52:42,1.48,380,1
10:52:45,1.48,10,1
10:52:48,1.48,1,1
10:52:57,1.48,1,1
10:53:06,1.48,2,1
10:53:21,1.48,44,1
10:53:24,1.48,5,1
10:53:30,1.48,1,1
10:53:36,1.48,2,1
10:53:45,1.48,20,1
10:53:48,1.48,10,1
10:53:54,1.48,10,1
10:54:00,1.48,2,1
10:54:18,1.48,1,1
10:54:21,1.48,28,1
10:54:24,1.48,5,1
10:54:36,1.48,45,1
10:54:45,1.48,5,1
10:54:51,1.48,5,1
10:55:00,1.48,13,1
10:55:03,1.48,100,1
10:55:09,1.48,7,1
10:55:12,1.48,20,1
10:55:18,1.48,1,1
10:55:24,1.48,26,1
10:55:27,1.48,11,1
10:55:30,1.48,10,1
10:55:33,1.48,6,1
10:55:39,1.48,14,1
10:55:48,1.48,25,1
10:55:57,1.48,3,1
10:56:03,1.48,1,1
10:56:12,1.48,19,1
10:56:21,1.48,14,1
10:56:30,1.48,67,1
10:56:39,1.48,5,1
10:56:48,1.48,7,1
10:56:51,1.48,5,1
10:56:57,1.48,1,1
10:57:06,1.48,9,1
10:57:12,1.48,10,1
10:57:27,1.48,20,1
10:57:33,1.48,8,1
10:57:36,1.48,5,1
10:57:45,1.48,3,1
10:57:51,1.48,10,1
10:57:54,1.48,25,1
10:58:00,1.48,22,1
10:58:06,1.48,22,1
10:58:09,1.48,2,1
10:58:12,1.48,4,1
10:58:15,1.48,10,1
10:58:24,1.48,193,1
10:58:39,1.48,5,1
10:58:48,1.48,16,1
10:58:51,1.48,1,1
10:58:57,1.48,4,1
10:59:00,1.48,36,1
10:59:21,1.48,1316,1
10:59:27,1.48,50,1
10:59:30,1.48,1,1
10:59:36,1.48,180,1
10:59:39,1.48,39,1
10:59:45,1.48,65,1
10:59:48,1.48,1,1
10:59:51,1.48,1,1
10:59:54,1.48,154,1
10:59:57,1.48,10,1
11:00:00,1.48,358,1
11:00:03,1.48,4,1
11:00:12,1.48,100,1
11:00:15,1.48,10,1
11:00:18,1.48,587,1
11:00:24,1.48,11,1
11:00:27,1.48,3,1
11:00:33,1.48,25,1
11:00:36,1.48,17,1
11:00:39,1.48,89,1
11:00:42,1.48,11,1
11:00:51,1.48,105,1
11:00:54,1.48,206,1
11:01:00,1.48,10,1
11:01:06,1.48,7,1
11:01:09,1.48,1,1
11:01:12,1.48,1,1
11:01:15,1.48,3,1
11:01:18,1.48,42,1
11:01:21,1.48,7,1
11:01:33,1.48,1,1
11:01:39,1.48,4,1
11:01:45,1.48,1,1
11:01:51,1.48,24,1
11:02:03,1.48,14,1
11:02:15,1.48,57,1
11:02:18,1.48,1,1
11:02:21,1.48,124,1
11:02:27,1.48,6,1
11:02:39,1.48,11,1
11:02:42,1.48,65,1
11:02:54,1.48,60,1
11:02:57,1.48,3,1
11:03:09,1.48,17,1
11:03:12,1.48,1,1
11:03:36,1.48,382,1
11:03:39,1.48,100,1
11:03:45,1.48,1,1
11:03:48,1.48,20,1
11:03:51,1.48,2,1
11:04:03,1.48,7,1
11:04:06,1.48,42,1
11:04:09,1.48,1,1
11:04:12,1.48,51,1
11:04:45,1.48,1,1
11:04:48,1.48,4,1
11:05:03,1.48,30,1
11:05:09,1.48,300,1
11:05:12,1.48,4,1
11:05:15,1.48,66,1
11:05:21,1.48,4,1
11:05:33,1.48,31,1
11:05:42,1.48,1,1
11:05:48,1.48,5,1
11:05:51,1.48,131,1
11:05:57,1.48,19,1
11:06:00,1.48,4,1
11:06:03,1.48,11,1
11:06:06,1.48,5,1
11:06:18,1.48,10,1
11:06:24,1.48,6,1
11:06:30,1.48,65,1
11:06:36,1.48,9,1
11:06:45,1.48,1,1
11:06:51,1.48,30,1
11:06:57,1.48,51,1
11:07:00,1.48,8,1
11:07:09,1.48,76,1
11:07:30,1.48,4,1
11:07:39,1.48,60,1
11:07:45,1.48,5,1
11:07:54,1.48,11,1
11:08:00,1.48,29,1
11:08:36,1.48,3,1
11:08:45,1.48,4,1
11:09:00,1.48,1,1
11:09:06,1.48,1,1
11:09:18,1.48,3,1
11:09:21,1.48,70,1
11:09:30,1.48,1,1
11:09:39,1.48,1,1
11:09:45,1.48,65,1
11:09:48,1.48,4,1
11:10:12,1.48,12,1
11:10:18,1.48,1,1
11:10:24,1.48,100,1
11:10:45,1.48,2,1
11:11:00,1.48,8,1
11:11:03,1.48,5,1
11:11:33,1.48,4,1
11:11:39,1.48,1,1
11:11:45,1.48,14,1
11:11:51,1.48,9,1
11:12:09,1.48,1,1
11:12:12,1.48,1,1
11:12:48,1.48,14,1
11:13:03,1.48,85,1
11:13:09,1.48,1,1
11:13:12,1.48,4,1
11:13:45,1.48,71,1
11:13:54,1.48,71,1
11:13:57,1.48,53,1
11:14:06,1.48,22,1
11:14:12,1.48,100,1
11:14:27,1.48,23,1
11:14:54,1.48,9,1
11:14:57,1.48,73,1
11:15:18,1.48,3,1
11:15:27,1.48,18,1
11:15:30,1.48,5,1
11:15:51,1.48,1,1
11:15:54,1.48,12,1
11:15:57,1.48,1,1
11:16:09,1.48,1,1
11:16:30,1.48,2,1
11:16:36,1.48,7,1
11:16:57,1.48,2,1
11:17:06,1.48,6,1
11:17:15,1.48,35,1
11:17:18,1.48,219,1
11:17:24,1.48,8,1
11:17:27,1.48,6,1
11:17:30,1.48,11,1
11:17:36,1.48,22,1
11:17:42,1.48,200,1
11:17:48,1.48,14,1
11:17:54,1.48,1,1
11:18:00,1.48,60,1
11:18:27,1.48,31,1
11:18:42,1.48,3,1
11:18:54,1.48,1,1
11:19:06,1.48,2,1
11:19:09,1.48,15,1
11:19:24,1.48,4,1
11:19:33,1.48,12,1
11:20:03,1.48,7,1
11:20:06,1.48,1,1
11:20:12,1.48,36,1
11:20:57,1.48,14,1
11:21:15,1.48,6,1
11:21:36,1.48,2,1
11:21:42,1.48,1,1
11:21:51,1.48,3,1
11:22:03,1.48,3,1
11:22:06,1.48,2,1
11:22:15,1.48,1,1
11:22:30,1.48,10,1
11:22:33,1.48,4,1
11:22:39,1.48,15,1
11:22:45,1.48,1,1
11:23:15,1.48,55,1
11:23:24,1.48,5,1
11:23:42,1.48,10,1
11:23:45,1.48,2,1
11:24:00,1.48,115,1
11:24:09,1.48,7,1
11:24:12,1.48,1,1
11:24:15,1.48,110,1
11:24:21,1.48,116,1
11:24:27,1.48,2,1
11:24:33,1.48,2,1
11:25:33,1.48,1,1
11:25:39,1.48,2,1
11:25:42,1.48,38,1
11:25:48,1.48,4,1
11:25:57,1.48,10,1
11:26:06,1.48,7,1
11:26:12,1.48,1,1
11:26:21,1.48,2,1
11:26:24,1.48,10,1
11:27:00,1.48,11,1
11:27:06,1.48,4,1
11:27:33,1.48,10,1
11:27:39,1.48,54,1
11:28:15,1.48,10,1
11:28:45,1.48,44,1
11:28:48,1.48,5,1
11:28:57,1.48,2,1
11:29:27,1.48,2,1
11:29:48,1.48,37,1
11:29:57,1.48,23,1
13:00:00,1.48,619,1
13:00:03,1.48,2695,1
13:00:18,1.48,182,1
13:00:36,1.48,5,1
13:00:54,1.48,10,1
13:01:06,1.48,10,1
13:01:15,1.48,29,1
13:01:24,1.48,46,1
13:01:48,1.48,11,1
13:01:54,1.48,4,1
13:01:57,1.48,10,1
13:02:00,1.48,675,1
13:02:06,1.48,110,1
13:02:12,1.48,38,1
13:02:15,1.48,7,1
13:02:24,1.48,23,1
13:02:27,1.48,1,1
13:02:30,1.48,3,1
13:02:33,1.48,1,1
13:03:00,1.48,1,1
13:03:18,1.48,10,1
13:03:30,1.48,6,1
13:03:36,1.48,2,1
13:03:57,1.48,20,1
13:04:00,1.48,14,1
13:05:00,1.48,6,1
13:05:03,1.48,10,1
13:05:06,1.48,190,1
13:05:24,1.48,1,1
13:05:36,1.48,5,1
13:05:45,1.48,44,1
13:05:51,1.48,101,1
13:06:03,1.48,487,1
13:06:27,1.48,1,1
13:06:51,1.48,11,1
13:06:57,1.48,100,1
13:07:06,1.48,6,1
13:07:18,1.48,608,1
13:07:21,1.48,2,1
13:07:30,1.48,1,1
13:07:36,1.48,135,1
13:07:45,1.48,1,1
13:07:48,1.48,18,1
13:07:51,1.48,200,1
13:08:00,1.48,100,1
13:08:03,1.48,24,1
13:08:24,1.48,1,1
13:08:30,1.48,18,1
13:08:33,1.48,8,1
13:08:42,1.48,2,1
13:08:48,1.48,2,1
13:08:51,1.48,50,1
13:09:09,1.48,7,1
13:09:12,1.48,101,1
13:09:18,1.48,45,1
13:09:21,1.48,100,1
13:09:24,1.48,30,1
13:09:42,1.48,2,1
13:09:48,1.48,12,1
13:09:51,1.48,20,1
13:09:57,1.48,7,1
13:10:21,1.48,13,1
13:10:27,1.48,25,1
13:10:39,1.48,4,1
13:10:42,1.48,6,1
13:10:54,1.48,8,1
13:10:57,1.48,100,1
13:11:03,1.48,5,1
13:11:06,1.48,108,1
13:11:12,1.48,54,1
13:11:18,1.48,2,1
13:11:24,1.48,1,1
13:11:48,1.48,18,1
13:12:06,1.48,7,1
13:12:12,1.48,2,1
13:12:21,1.48,136,1
13:12:33,1.48,1,1
13:12:54,1.48,15,1
13:13:00,1.48,13,1
13:13:03,1.48,3,1
13:13:06,1.48,6,1
13:13:21,1.48,60,1
13:13:33,1.48,2,1
13:13:36,1.48,54,1
13:13:39,1.48,5,1
13:14:21,1.48,1,1
13:14:33,1.48,10,1
13:14:42,1.48,81,1
13:14:45,1.48,8,1
13:15:00,1.48,2,1
13:15:03,1.48,1,1
13:15:09,1.48,14,1
13:15:24,1.48,60,1
13:15:45,1.48,14,1
13:15:54,1.48,5,1
13:16:06,1.48,20,1
13:16:09,1.48,135,1
13:16:27,1.48,30,1
13:16:33,1.48,14,1
13:16:45,1.48,3,1
13:16:48,1.48,44,1
13:16:51,1.48,1,1
13:17:03,1.48,100,1
13:17:21,1.48,27,1
13:17:45,1.48,4,1
13:17:51,1.48,64,1
13:17:54,1.48,10,1
13:17:57,1.48,1,1
13:18:12,1.48,518,1
13:18:15,1.48,20,1
13:18:24,1.48,100,1
13:18:27,1.48,2,1
13:18:33,1.48,10,1
13:18:39,1.48,110,1
13:18:57,1.48,57,1
13:19:18,1.48,41,1
13:19:33,1.48,193,1
13:19:45,1.48,2,1
13:20:21,1.48,30,1
13:20:24,1.48,2,1
13:20:30,1.48,1,1
13:20:42,1.48,26,1
13:21:00,1.48,3,1
13:21:06,1.48,27,1
13:21:21,1.48,1,1
13:21:39,1.48,8,1
13:22:03,1.48,75,1
13:22:06,1.48,90,1
13:22:27,1.48,1,1
13:22:33,1.48,1,1
13:23:00,1.48,19,1
13:23:15,1.48,105,1
13:23:42,1.48,7,1
13:24:21,1.48,4,1
13:24:54,1.48,41,1
13:24:57,1.48,20,1
13:25:00,1.48,24,1
13:25:03,1.48,43,1
13:25:18,1.48,10,1
13:25:42,1.48,3,1
13:25:45,1.48,20,1
13:26:00,1.48,10,1
13:26:06,1.48,1,1
13:26:24,1.48,239,1
13:26:45,1.48,4,1
13:26:54,1.48,1,1
13:27:00,1.48,9,1
13:27:12,1.48,8,1
13:27:27,1.48,160,1
13:27:30,1.48,3,1
13:28:33,1.48,23,1
13:28:36,1.48,1,1
13:28:42,1.48,4,1
13:28:45,1.48,5,1
13:29:09,1.48,4,1
13:29:39,1.48,50,1
13:29:57,1.48,3,1
13:30:36,1.48,20,1
13:30:51,1.48,16,1
13:31:15,1.48,6,1
13:31:42,1.48,4,1
13:31:45,1.48,50,1
13:31:48,1.48,4,1
13:31:54,1.48,1,1
13:32:18,1.48,12,1
13:33:36,1.48,25,1
13:33:45,1.48,20,1
13:34:27,1.48,106,1
13:34:33,1.48,1,1
13:34:39,1.48,10,1
13:34:42,1.48,18,1
13:35:09,1.48,4,1
13:36:27,1.48,4,1
13:36:36,1.48,1,1
13:36:51,1.48,10,1
13:37:06,1.48,1,1
13:37:21,1.48,1,1
13:37:27,1.48,10,1
13:38:00,1.48,3,1
13:38:03,1.48,10,1
13:38:06,1.48,30,1
13:38:18,1.48,1,1
13:38:27,1.48,10,1
13:38:39,1.48,17,1
13:39:27,1.48,1,1
13:39:42,1.48,13,1
13:39:51,1.48,10,1
13:40:24,1.48,26,1
13:40:39,1.48,2,1
13:40:45,1.48,3,1
13:40:51,1.48,2,1
13:41:12,1.48,40,1
13:41:18,1.48,1,1
13:41:42,1.48,5,1
13:42:54,1.48,9,1
13:44:21,1.48,2,1
13:44:24,1.48,10,1
13:45:48,1.48,3,1
13:45:51,1.48,4,1
13:46:03,1.48,4,1
13:46:27,1.48,4,1
13:46:42,1.48,500,1
13:46:45,1.48,20,1
13:47:15,1.48,14,1
13:47:18,1.48,22,1
13:47:21,1.48,17,1
13:47:30,1.48,5,1
13:47:36,1.48,2,1
13:48:27,1.48,30,1
13:48:54,1.48,28,1
13:50:33,1.48,1,1
13:51:15,1.48,1,1
13:51:42,1.48,3,1
13:51:45,1.48,1,1
13:52:45,1.48,4,1
13:53:36,1.48,6,1
13:54:18,1.48,2,1
13:54:21,1.48,99,1
13:55:36,1.48,1,1
13:56:39,1.48,1,1
13:58:45,1.48,1,1
13:58:54,1.48,1,1
13:59:27,1.48,5,1
14:00:21,1.48,20,1
14:00:33,1.48,1,1
14:01:03,1.48,6,1
14:01:18,1.48,1,1
14:01:21,1.48,1,1
14:02:33,1.48,19,1
14:02:51,1.48,27,1
14:03:15,1.48,15,1
14:03:21,1.48,83,1
14:03:42,1.48,50,1
14:03:57,1.48,1,1
14:04:06,1.48,2,1
14:04:54,1.48,2,1
14:05:03,1.48,1,1
14:05:54,1.48,10,1
14:07:15,1.48,195,1
14:07:48,1.48,7,1
14:07:51,1.48,1,1
14:08:03,1.48,70,1
14:08:30,1.48,5,1
14:09:00,1.48,20,1
14:09:03,1.48,5,1
14:09:42,1.48,2,1
14:10:21,1.48,5,1
14:10:27,1.48,5,1
14:11:03,1.48,10,1
14:11:42,1.48,30,1
14:11:51,1.48,1,1
14:13:00,1.48,5,1
14:13:57,1.48,1,1
14:14:36,1.48,2,1
14:14:39,1.48,5,1
14:15:06,1.48,2,1
14:16:18,1.48,2,1
14:16:48,1.48,1,1
14:16:57,1.48,10,1
14:17:03,1.48,33,1
14:17:39,1.48,214,1
14:17:57,1.48,51,1
14:18:03,1.48,2,1
14:19:48,1.48,5,1
14:20:15,1.48,3,1
14:21:03,1.48,8,1
14:21:42,1.48,68,1
14:21:57,1.48,2,1
14:22:03,1.48,20,1
14:22:33,1.48,5,1
14:24:09,1.48,1,1
14:24:27,1.48,20,1
14:24:45,1.48,1,1
14:24:54,1.48,1,1
14:25:09,1.48,10,1
14:25:21,1.48,1,1
14:25:24,1.48,1,1
14:25:36,1.48,26,1
14:26:09,1.48,1,1
14:27:51,1.48,20,1
14:27:54,1.48,8,1
14:29:18,1.48,64,1
14:29:51,1.48,13,1
14:30:30,1.48,5,1
14:31:00,1.48,3,1
14:31:06,1.48,7,1
14:31:21,1.48,9,1
14:31:24,1.48,11,1
14:31:48,1.48,3,1
14:32:30,1.48,30,1
14:33:00,1.48,4,1
14:33:24,1.48,2,1
14:33:54,1.48,18,1
14:34:33,1.48,1,1
14:34:57,1.48,3,1
14:35:48,1.48,3,1
14:35:51,1.48,1,1
14:36:06,1.48,1,1
14:37:03,1.48,2,1
14:37:30,1.48,2,1
14:37:36,1.48,10,1
14:37:39,1.48,3,1
14:38:18,1.48,21,1
14:38:42,1.48,1,1
14:39:21,1.48,1,1
14:39:30,1.48,50,1
14:39:36,1.48,5,1
14:40:06,1.48,2,1
14:40:18,1.48,15,1
14:40:51,1.48,39,1
14:41:12,1.48,19,1
14:41:36,1.48,9,1
14:41:57,1.48,29,1
14:42:03,1.48,5,1
14:42:51,1.48,10,1
14:45:06,1.48,5,1
14:45:33,1.48,55,1
14:45:42,1.48,5,1
14:46:06,1.48,4,1
14:46:09,1.48,4,1
14:46:18,1.48,1,1
14:46:24,1.48,40,1
14:46:39,1.48,1,1
14:46:51,1.48,10,1
14:47:03,1.48,39,1
14:48:03,1.48,34,1
14:48:27,1.48,10,1
14:48:36,1.48,10,1
14:48:51,1.48,20,1
14:49:06,1.48,10,1
14:49:21,1.48,1,1
14:50:33,1.48,8,1
14:50:45,1.48,39,1
14:51:18,1.48,4,1
14:51:57,1.48,4,1
14:52:27,1.48,1,1
14:52:39,1.48,5,1
14:53:06,1.48,10,1
14:54:03,1.48,1,1
14:54:30,1.48,3,1
14:54:45,1.48,10,1
14:54:57,1.48,20,1
14:55:00,1.48,10,1
14:55:06,1.48,2,1
14:55:30,1.48,15,1
14:55:42,1.48,59,1
14:55:54,1.48,56,1
14:56:15,1.48,10,1
14:56:42,1.48,8,1
14:56:51,1.48,1,1
14:57:00,1.48,1,1
15:00:00,1.48,387,1
