时间,成交价,手数,买卖盘性质
09:15:00,1.73,913,0
09:15:09,1.73,12138,0
09:15:18,1.73,17540,0
09:15:27,1.73,17433,0
09:15:36,1.73,17476,0
09:15:45,1.73,17520,0
09:15:54,1.73,17119,0
09:16:03,1.73,17105,0
09:16:12,1.73,17116,0
09:16:21,1.73,17062,0
09:16:30,1.73,17122,0
09:16:39,1.73,17024,0
09:16:48,1.73,17415,0
09:16:57,1.73,17746,0
09:17:06,1.73,17756,0
09:17:15,1.73,17518,0
09:17:24,1.73,16963,0
09:17:33,1.73,21981,0
09:17:42,1.73,22430,0
09:17:51,1.73,22550,0
09:18:00,1.73,22432,0
09:18:09,1.73,22048,0
09:18:18,1.73,21877,0
09:18:27,1.73,23461,0
09:18:36,1.73,23417,0
09:18:45,1.73,23890,0
09:18:54,1.73,24124,0
09:19:03,1.73,24059,0
09:19:12,1.73,18923,0
09:19:21,1.73,18396,0
09:19:30,1.73,6699,0
09:19:39,1.73,11509,0
09:19:48,1.73,6572,0
09:19:57,1.73,1376,0
09:20:00,1.73,2004,0
09:20:09,1.73,2012,0
09:20:18,1.73,2039,0
09:20:27,1.73,2080,0
09:20:36,1.73,2080,0
09:20:45,1.73,2090,0
09:20:54,1.73,2092,0
09:21:03,1.73,2212,0
09:21:12,1.73,2222,0
09:21:21,1.73,2223,0
09:21:30,1.73,2223,0
09:21:39,1.73,2227,0
09:21:48,1.73,2232,0
09:21:57,1.73,2240,0
09:22:06,1.73,2280,0
09:22:15,1.73,2820,0
09:22:24,1.73,2824,0
09:22:33,1.73,2824,0
09:22:42,1.73,2835,0
09:22:51,1.73,2836,0
09:23:00,1.73,2844,0
09:23:09,1.73,2889,0
09:23:18,1.73,2890,0
09:23:27,1.73,2890,0
09:23:36,1.73,2936,0
09:23:45,1.73,2936,0
09:23:54,1.73,3524,0
09:24:03,1.73,3527,0
09:24:12,1.73,3585,0
09:24:21,1.73,3586,0
09:24:30,1.73,3605,0
09:24:39,1.73,3717,0
09:24:48,1.73,3819,0
09:24:57,1.73,3822,0
09:25:00,1.73,3830,1
09:30:00,1.73,473,1
09:30:03,1.73,528,1
09:30:06,1.73,226,1
09:30:09,1.73,101,1
09:30:12,1.73,10,1
09:30:15,1.73,1,1
09:30:18,1.73,3,1
09:30:21,1.73,6,1
09:30:27,1.73,6,1
09:30:30,1.73,20,1
09:30:33,1.73,30,1
09:30:36,1.73,33,1
09:30:42,1.73,12,1
09:30:45,1.73,58,1
09:30:54,1.73,7,1
09:30:57,1.73,5,1
09:31:00,1.73,10,1
09:31:06,1.73,6,1
09:31:09,1.73,26,1
09:31:12,1.73,12,1
09:31:27,1.73,10,1
09:31:39,1.73,2,1
09:31:45,1.73,15,1
09:31:51,1.73,73,1
09:31:54,1.73,10,1
09:31:57,1.73,10,1
09:32:00,1.73,3,1
09:32:06,1.73,20,1
09:32:12,1.73,4,1
09:32:24,1.73,19,1
09:32:27,1.73,10,1
09:32:42,1.73,7,1
09:32:48,1.73,1,1
09:32:54,1.73,47,1
09:33:03,1.73,2,1
09:33:12,1.73,806,1
09:33:18,1.73,34,1
09:33:21,1.73,12,1
09:33:30,1.73,4,1
09:33:33,1.73,90,1
09:33:36,1.73,1,1
09:33:42,1.73,14,1
09:33:51,1.73,3,1
09:33:54,1.73,45,1
09:33:57,1.73,1,1
09:34:00,1.73,3,1
09:34:12,1.73,20,1
09:34:15,1.73,1,1
09:34:21,1.73,28,1
09:34:24,1.73,1,1
09:34:30,1.73,52,1
09:34:39,1.73,10,1
09:34:45,1.73,3,1
09:34:48,1.73,56,1
09:34:51,1.73,3,1
09:34:57,1.73,100,1
09:35:06,1.73,117,1
09:35:09,1.73,1,1
09:35:12,1.73,13,1
09:35:15,1.73,1,1
09:35:30,1.73,1,1
09:35:33,1.73,60,1
09:35:42,1.73,39,1
09:35:45,1.73,25,1
09:35:48,1.73,108,1
09:35:54,1.73,31,1
09:36:00,1.73,10,1
09:36:06,1.73,22,1
09:36:15,1.73,2,1
09:36:27,1.73,20,1
09:36:30,1.73,2,1
09:36:33,1.73,8,1
09:36:36,1.73,20,1
09:37:00,1.73,12,1
09:37:06,1.73,7,1
09:37:12,1.73,3,1
09:37:15,1.73,101,1
09:37:27,1.73,1,1
09:37:30,1.73,2,1
09:37:33,1.73,3,1
09:37:48,1.73,1,1
09:37:51,1.73,10,1
09:38:09,1.73,3,1
09:38:18,1.73,5,1
09:38:24,1.73,105,1
09:38:36,1.73,2,1
09:38:39,1.73,2,1
09:38:45,1.73,83,1
09:38:57,1.73,29,1
09:39:03,1.73,100,1
09:39:18,1.73,20,1
09:39:21,1.73,36,1
09:39:24,1.73,1,1
09:39:33,1.73,3,1
09:39:36,1.73,5,1
09:39:39,1.73,2,1
09:39:42,1.73,60,1
09:39:54,1.73,10,1
09:40:24,1.73,258,1
09:40:30,1.73,2,1
09:40:42,1.73,8,1
09:40:45,1.73,2,1
09:40:48,1.73,9,1
09:40:51,1.73,1,1
09:41:06,1.73,9,1
09:41:33,1.73,9,1
09:41:36,1.73,2,1
09:41:39,1.73,5,1
09:41:42,1.73,10,1
09:42:00,1.73,10,1
09:42:18,1.73,1,1
09:42:24,1.73,10,1
09:42:36,1.73,3,1
09:42:42,1.73,5,1
09:42:45,1.73,6,1
09:43:00,1.73,20,1
09:43:09,1.73,6,1
09:43:27,1.73,10,1
09:43:33,1.73,20,1
09:43:57,1.73,25,1
09:44:12,1.73,12,1
09:44:30,1.73,20,1
09:44:33,1.73,13,1
09:44:39,1.73,16,1
09:45:06,1.73,1,1
09:45:18,1.73,10,1
09:45:24,1.73,1,1
09:45:27,1.73,6,1
09:45:30,1.73,3,1
09:46:09,1.73,1,1
09:46:18,1.73,1,1
09:46:42,1.73,3,1
09:46:54,1.73,21,1
09:47:00,1.73,1,1
09:47:24,1.73,80,1
09:48:12,1.73,4,1
09:48:33,1.73,1,1
09:49:06,1.73,1,1
09:49:36,1.73,12,1
09:49:39,1.73,25,1
09:50:48,1.73,87,1
09:51:00,1.73,20,1
09:51:09,1.73,86,1
09:51:15,1.73,1,1
09:51:21,1.73,68,1
09:51:51,1.73,100,1
09:52:21,1.73,67,1
09:52:24,1.73,2,1
09:52:39,1.73,5,1
09:52:42,1.73,7,1
09:52:45,1.73,9,1
09:52:48,1.73,2,1
09:52:57,1.73,3,1
09:53:03,1.73,4,1
09:53:27,1.73,1,1
09:53:33,1.73,3269,1
09:53:39,1.73,11,1
09:53:48,1.73,11,1
09:53:51,1.73,57,1
09:53:57,1.73,11,1
09:54:03,1.73,10,1
09:54:06,1.73,30,1
09:54:09,1.73,80,1
09:54:12,1.73,11,1
09:54:24,1.73,14,1
09:54:36,1.73,8,1
09:54:42,1.73,9,1
09:54:48,1.73,4,1
09:54:51,1.73,3,1
09:54:57,1.73,20,1
09:55:03,1.73,137,1
09:55:06,1.73,20,1
09:55:09,1.73,10,1
09:55:12,1.73,4,1
09:55:21,1.73,100,1
09:55:30,1.73,5,1
09:55:33,1.73,4,1
09:55:36,1.73,24,1
09:55:51,1.73,28,1
09:55:57,1.73,58,1
09:56:03,1.73,2,1
09:56:06,1.73,6,1
09:56:09,1.73,1,1
09:56:12,1.73,57,1
09:56:18,1.73,3,1
09:56:21,1.73,11,1
09:56:24,1.73,15,1
09:56:33,1.73,3,1
09:56:36,1.73,58,1
09:56:54,1.73,119,1
09:56:57,1.73,57,1
09:57:03,1.73,16,1
09:57:15,1.73,50,1
09:57:18,1.73,2,1
09:57:21,1.73,100,1
09:57:24,1.73,1,1
09:57:27,1.73,15,1
09:57:36,1.73,6,1
09:57:39,1.73,10,1
09:57:42,1.73,1,1
09:57:45,1.73,115,1
09:57:48,1.73,30,1
09:57:51,1.73,25,1
09:57:54,1.73,18,1
09:57:57,1.73,11,1
09:58:09,1.73,5,1
09:58:12,1.73,144,1
09:58:21,1.73,4,1
09:58:33,1.73,2,1
09:58:36,1.73,41,1
09:58:45,1.73,17,1
09:58:48,1.73,78,1
09:58:57,1.73,2,1
09:59:00,1.73,5,1
09:59:06,1.73,17,1
09:59:15,1.73,1,1
09:59:21,1.73,69,1
09:59:27,1.73,1,1
09:59:30,1.73,18,1
09:59:36,1.73,20,1
09:59:39,1.73,10,1
09:59:48,1.73,77,1
09:59:51,1.73,29,1
09:59:54,1.73,3,1
10:00:15,1.73,34,1
10:00:18,1.73,18,1
10:00:24,1.73,1,1
10:00:48,1.73,1,1
10:01:21,1.73,20,1
10:01:30,1.73,173,1
10:02:00,1.73,1,1
10:02:06,1.73,1,1
10:02:09,1.73,1,1
10:02:12,1.73,190,1
10:02:18,1.73,4,1
10:02:27,1.73,1,1
10:02:39,1.73,10,1
10:02:51,1.73,62,1
10:03:00,1.73,5,1
10:03:21,1.73,14,1
10:03:30,1.73,30,1
10:03:33,1.73,1,1
10:03:51,1.73,5,1
10:03:57,1.73,19,1
10:04:00,1.73,139,1
10:04:06,1.73,53,1
10:04:12,1.73,116,1
10:04:15,1.73,10,1
10:04:18,1.73,188,1
10:04:36,1.73,81,1
10:04:42,1.73,32,1
10:04:51,1.73,558,1
10:05:03,1.73,394,1
10:05:06,1.73,7,1
10:05:12,1.73,220,1
10:05:15,1.73,20,1
10:05:21,1.73,10,1
10:05:42,1.73,154,1
10:05:45,1.73,5,1
10:05:48,1.73,3,1
10:05:54,1.73,11,1
10:06:06,1.73,5,1
10:06:09,1.73,1,1
10:06:21,1.73,3,1
10:06:27,1.73,12,1
10:06:36,1.73,4,1
10:06:39,1.73,15,1
10:06:45,1.73,5,1
10:06:48,1.73,9,1
10:06:54,1.73,15,1
10:06:57,1.73,52,1
10:07:36,1.73,550,1
10:07:45,1.73,69,1
10:07:48,1.73,20,1
10:07:54,1.73,7,1
10:07:57,1.73,18,1
10:08:06,1.73,35,1
10:08:12,1.73,6,1
10:08:42,1.73,1,1
10:08:48,1.73,10,1
10:08:51,1.73,29,1
10:08:54,1.73,1,1
10:09:00,1.73,9,1
10:09:09,1.73,3,1
10:09:15,1.73,21,1
10:09:27,1.73,15,1
10:09:30,1.73,12,1
10:09:42,1.73,10,1
10:09:45,1.73,1,1
10:09:51,1.73,3,1
10:09:57,1.73,30,1
10:10:00,1.73,11,1
10:10:39,1.73,5,1
10:10:57,1.73,70,1
10:11:15,1.73,2,1
10:12:00,1.73,13,1
10:12:09,1.73,4,1
10:12:39,1.73,20,1
10:12:42,1.73,2,1
10:12:54,1.73,2,1
10:13:00,1.73,1,1
10:13:06,1.73,5,1
10:13:12,1.73,22,1
10:13:21,1.73,2,1
10:13:30,1.73,2,1
10:13:57,1.73,1,1
10:14:03,1.73,5,1
10:14:18,1.73,3,1
10:14:36,1.73,2,1
10:14:39,1.73,2,1
10:14:57,1.73,30,1
10:15:00,1.73,28,1
10:15:15,1.73,1,1
10:15:24,1.73,7,1
10:15:36,1.73,1,1
10:15:39,1.73,16,1
10:16:15,1.73,4,1
10:16:21,1.73,29,1
10:16:30,1.73,1,1
10:16:45,1.73,3,1
10:16:48,1.73,1,1
10:17:03,1.73,2,1
10:17:33,1.73,100,1
10:18:12,1.73,5,1
10:18:18,1.73,40,1
10:18:24,1.73,2,1
10:18:33,1.73,29,1
10:18:36,1.73,3,1
10:18:42,1.73,30,1
10:18:45,1.73,8,1
10:18:51,1.73,28,1
10:19:00,1.73,1,1
10:19:24,1.73,10,1
10:19:30,1.73,2,1
10:19:39,1.73,30,1
10:19:48,1.73,1,1
10:20:12,1.73,1,1
10:20:27,1.73,10,1
10:20:30,1.73,10,1
10:20:51,1.73,20,1
10:21:12,1.73,1,1
10:21:21,1.73,30,1
10:21:57,1.73,6,1
10:22:21,1.73,10,1
10:22:24,1.73,1,1
10:23:30,1.73,1,1
10:23:45,1.73,2,1
10:23:54,1.73,4,1
10:24:51,1.73,11,1
10:24:54,1.73,15,1
10:25:06,1.73,5,1
10:26:36,1.73,3,1
10:27:21,1.73,7,1
10:27:24,1.73,1,1
10:27:45,1.73,20,1
10:27:54,1.73,12,1
10:27:57,1.73,33,1
10:28:48,1.73,10,1
10:29:42,1.73,2,1
10:29:45,1.73,586,1
10:29:57,1.73,600,1
10:30:06,1.73,2,1
10:30:15,1.73,2,1
10:30:24,1.73,1,1
10:30:45,1.73,38,1
10:30:57,1.73,10,1
10:31:03,1.73,1800,1
10:31:12,1.73,5,1
10:31:15,1.73,73,1
10:31:18,1.73,43,1
10:31:21,1.73,4900,1
10:31:24,1.73,4954,1
10:31:27,1.73,4022,1
10:31:30,1.73,7176,1
10:31:33,1.73,8522,1
10:31:36,1.73,4377,1
10:31:39,1.73,3026,1
10:31:42,1.73,3569,1
10:31:45,1.73,1274,1
10:31:48,1.73,1099,1
10:31:51,1.73,212,1
10:31:54,1.73,1118,1
10:31:57,1.73,853,1
10:32:00,1.73,815,1
10:32:03,1.73,852,1
10:32:06,1.73,589,1
10:32:09,1.73,262,1
10:32:12,1.73,543,1
10:32:15,1.73,366,1
10:32:18,1.73,395,1
10:32:21,1.73,1121,1
10:32:24,1.73,283,1
10:32:27,1.73,167,1
10:32:30,1.73,324,1
10:32:33,1.73,121,1
10:32:36,1.73,25,1
10:32:39,1.73,472,1
10:32:42,1.73,65,1
10:32:45,1.73,115,1
10:32:48,1.73,62,1
10:32:51,1.73,24,1
10:32:54,1.73,209,1
10:32:57,1.73,150,1
10:33:00,1.73,81,1
10:33:03,1.73,149,1
10:33:06,1.73,83,1
10:33:09,1.73,126,1
10:33:12,1.73,19,1
10:33:15,1.73,120,1
10:33:18,1.73,81,1
10:33:21,1.73,89,1
10:33:27,1.73,127,1
10:33:30,1.73,10,1
10:33:33,1.73,23,1
10:33:36,1.73,36,1
10:33:39,1.73,17,1
10:33:42,1.73,66,1
10:33:45,1.73,3,1
10:33:48,1.73,33,1
10:33:51,1.73,16,1
10:33:54,1.73,150,1
10:33:57,1.73,10,1
10:34:03,1.73,19,1
10:34:06,1.73,20,1
10:34:09,1.73,15,1
10:34:12,1.73,36,1
10:34:15,1.73,1,1
10:34:18,1.73,160,1
10:34:21,1.73,756,1
10:34:24,1.73,56,1
10:34:27,1.73,27,1
10:34:30,1.73,23,1
10:34:33,1.73,136,1
10:34:36,1.73,114,1
10:34:39,1.73,109,1
10:34:42,1.73,40,1
10:34:45,1.73,10,1
10:34:48,1.73,345,1
10:34:51,1.73,51,1
10:34:54,1.73,27,1
10:34:57,1.73,101,1
10:35:03,1.73,50,1
10:35:06,1.73,34,1
10:35:09,1.73,115,1
10:35:15,1.73,178,1
10:35:18,1.73,116,1
10:35:21,1.73,75,1
10:35:24,1.73,1,1
10:35:27,1.73,14,1
10:35:30,1.73,135,1
10:35:33,1.73,64,1
10:35:36,1.73,15,1
10:35:39,1.73,51,1
10:35:42,1.73,52,1
10:35:45,1.73,100,1
10:35:48,1.73,99,1
10:35:51,1.73,20,1
10:35:54,1.73,20,1
10:36:00,1.73,35,1
10:36:03,1.73,4,1
10:36:06,1.73,485,1
10:36:09,1.73,18,1
10:36:12,1.73,98,1
10:36:15,1.73,173,1
10:36:18,1.73,2,1
10:36:21,1.73,40,1
10:36:24,1.73,19,1
10:36:27,1.73,4,1
10:36:30,1.73,13,1
10:36:36,1.73,137,1
10:36:39,1.73,20,1
10:36:45,1.73,96,1
10:36:48,1.73,5,1
10:36:54,1.73,1,1
10:36:57,1.73,10,1
10:37:00,1.73,147,1
10:37:03,1.73,58,1
10:37:06,1.73,49,1
10:37:12,1.73,39,1
10:37:15,1.73,5,1
10:37:18,1.73,21,1
10:37:21,1.73,54,1
10:37:24,1.73,200,1
10:37:27,1.73,45,1
10:37:39,1.73,82,1
10:37:42,1.73,14,1
10:37:45,1.73,45,1
10:37:48,1.73,1,1
10:37:54,1.73,20,1
10:37:57,1.73,10,1
10:38:00,1.73,117,1
10:38:03,1.73,41,1
10:38:06,1.73,810,1
10:38:12,1.73,45,1
10:38:15,1.73,2,1
10:38:21,1.73,1,1
10:38:24,1.73,35,1
10:38:27,1.73,18,1
10:38:33,1.73,120,1
10:38:45,1.73,133,1
10:38:51,1.73,2,1
10:38:57,1.73,5,1
10:39:00,1.73,4,1
10:39:03,1.73,638,1
10:39:12,1.73,36,1
10:39:18,1.73,1398,1
10:39:24,1.73,407,1
10:39:27,1.73,100,1
10:39:30,1.73,41,1
10:39:33,1.73,171,1
10:39:36,1.73,101,1
10:39:39,1.73,25,1
10:39:42,1.73,321,1
10:39:48,1.73,31,1
10:39:51,1.73,150,1
10:39:54,1.73,118,1
10:39:57,1.73,29,1
10:40:00,1.73,477,1
10:40:06,1.73,108,1
10:40:09,1.73,108,1
10:40:12,1.73,4,1
10:40:15,1.73,82,1
10:40:18,1.73,9,1
10:40:21,1.73,124,1
10:40:24,1.73,311,1
10:40:30,1.73,1,1
10:40:33,1.73,15,1
10:40:39,1.73,229,1
10:40:42,1.73,5,1
10:40:45,1.73,39,1
10:40:48,1.73,172,1
10:40:51,1.73,100,1
10:40:54,1.73,309,1
10:41:00,1.73,1,1
10:41:03,1.73,39,1
10:41:06,1.73,37,1
10:41:18,1.73,23,1
10:41:27,1.73,80,1
10:41:33,1.73,2,1
10:41:42,1.73,1,1
10:41:45,1.73,4,1
10:41:48,1.73,24,1
10:41:57,1.73,95,1
10:42:00,1.73,13,1
10:42:12,1.73,73,1
10:42:18,1.73,35,1
10:42:24,1.73,1,1
10:42:33,1.73,30,1
10:42:39,1.73,3,1
10:42:45,1.73,51,1
10:42:48,1.73,38,1
10:42:51,1.73,1,1
10:42:54,1.73,40,1
10:42:57,1.73,10,1
10:43:03,1.73,25,1
10:43:15,1.73,8,1
10:43:21,1.73,200,1
10:43:27,1.73,10,1
10:43:33,1.73,1,1
10:43:42,1.73,10,1
10:43:45,1.73,10,1
10:43:48,1.73,13,1
10:43:51,1.73,16,1
10:44:15,1.73,3,1
10:44:27,1.73,6,1
10:44:36,1.73,7,1
10:44:51,1.73,10,1
10:44:57,1.73,30,1
10:45:00,1.73,11,1
10:45:06,1.73,8,1
10:45:21,1.73,6,1
10:45:24,1.73,1,1
10:45:39,1.73,5,1
10:45:42,1.73,182,1
10:45:51,1.73,9,1
10:46:03,1.73,13,1
10:46:21,1.73,16,1
10:46:27,1.73,138,1
10:46:30,1.73,32,1
10:46:45,1.73,11,1
10:46:51,1.73,76,1
10:46:54,1.73,100,1
10:47:06,1.73,26,1
10:47:12,1.73,57,1
10:47:15,1.73,24,1
10:47:30,1.73,31,1
10:47:36,1.73,5,1
10:47:45,1.73,13,1
10:47:51,1.73,2,1
10:47:57,1.73,29,1
10:48:00,1.73,64,1
10:48:03,1.73,20,1
10:48:06,1.73,5,1
10:48:15,1.73,2,1
10:48:21,1.73,10,1
10:48:24,1.73,28,1
10:48:27,1.73,144,1
10:48:33,1.73,2,1
10:48:45,1.73,4,1
10:48:48,1.73,10,1
10:48:51,1.73,43,1
10:48:54,1.73,272,1
10:48:57,1.73,1,1
10:49:00,1.73,2,1
10:49:03,1.73,11,1
10:49:06,1.73,10,1
10:49:12,1.73,8,1
10:49:24,1.73,44,1
10:49:39,1.73,8,1
10:49:45,1.73,86,1
10:49:54,1.73,62,1
10:50:06,1.73,2,1
10:50:12,1.73,34,1
10:50:18,1.73,2,1
10:50:24,1.73,94,1
10:50:33,1.73,6,1
10:50:36,1.73,1,1
10:50:45,1.73,12,1
10:50:57,1.73,4,1
10:51:00,1.73,3,1
10:51:09,1.73,4,1
10:51:18,1.73,5,1
10:51:24,1.73,8,1
10:51:27,1.73,12,1
10:51:33,1.73,30,1
10:51:39,1.73,32,1
10:51:45,1.73,1,1
10:51:54,1.73,50,1
10:52:00,1.73,10,1
10:52:03,1.73,11,1
10:52:21,1.73,151,1
10:52:27,1.73,22,1
10:52:30,1.73,21,1
10:52:33,1.73,10,1
10:52:42,1.73,4,1
10:52:51,1.73,54,1
10:52:54,1.73,10,1
10:53:06,1.73,2,1
10:53:12,1.73,2,1
10:53:15,1.73,24,1
10:53:24,1.73,109,1
10:53:27,1.73,40,1
10:53:30,1.73,10,1
10:53:42,1.73,1,1
10:53:54,1.73,1,1
10:53:57,1.73,1,1
10:54:18,1.73,6,1
10:54:21,1.73,22,1
10:54:27,1.73,1,1
10:54:33,1.73,8,1
10:54:36,1.73,8,1
10:54:42,1.73,10,1
10:55:06,1.73,47,1
10:55:15,1.73,86,1
10:55:33,1.73,5,1
10:55:54,1.73,3,1
10:55:57,1.73,17,1
10:56:00,1.73,4,1
10:56:12,1.73,15,1
10:56:21,1.73,44,1
10:56:33,1.73,66,1
10:57:00,1.73,41,1
10:57:12,1.73,10,1
10:57:27,1.73,1,1
10:57:39,1.73,32,1
10:57:45,1.73,19,1
10:57:51,1.73,16,1
10:58:06,1.73,6,1
10:58:18,1.73,5,1
10:58:21,1.73,100,1
10:58:24,1.73,1,1
10:58:33,1.73,20,1
10:58:36,1.73,1,1
10:58:45,1.73,8,1
10:58:48,1.73,6,1
10:58:51,1.73,5,1
10:59:24,1.73,29,1
10:59:48,1.73,20,1
10:59:51,1.73,47,1
11:00:00,1.73,20,1
11:00:09,1.73,54,1
11:00:15,1.73,115,1
11:00:24,1.73,8,1
11:00:27,1.73,116,1
11:00:30,1.73,70,1
11:00:33,1.73,30,1
11:00:36,1.73,6,1
11:00:39,1.73,6,1
11:00:57,1.73,2,1
11:01:27,1.73,5,1
11:01:36,1.73,14,1
11:02:03,1.73,30,1
11:02:09,1.73,8,1
11:02:51,1.73,573,1
11:02:57,1.73,1,1
11:03:00,1.73,10,1
11:03:12,1.73,26,1
11:03:18,1.73,82,1
11:03:36,1.73,44,1
11:03:42,1.73,21,1
11:03:54,1.73,1,1
11:04:00,1.73,2,1
11:04:12,1.73,23,1
11:04:15,1.73,5,1
11:04:27,1.73,516,1
11:04:51,1.73,131,1
11:05:06,1.73,840,1
11:05:15,1.73,1,1
11:05:33,1.73,5,1
11:05:36,1.73,50,1
11:05:42,1.73,3,1
11:05:54,1.73,42,1
11:06:00,1.73,3,1
11:06:03,1.73,15,1
11:06:15,1.73,12,1
11:06:30,1.73,21,1
11:06:33,1.73,22,1
11:06:42,1.73,48,1
11:06:45,1.73,20,1
11:07:03,1.73,2,1
11:07:12,1.73,2,1
11:07:15,1.73,10,1
11:07:27,1.73,50,1
11:07:33,1.73,2,1
11:07:45,1.73,10,1
11:07:51,1.73,42,1
11:08:15,1.73,4,1
11:08:21,1.73,20,1
11:08:24,1.73,8,1
11:08:30,1.73,57,1
11:08:42,1.73,2,1
11:08:48,1.73,45,1
11:08:51,1.73,1,1
11:09:09,1.73,3,1
11:09:30,1.73,1,1
11:09:33,1.73,2,1
11:09:45,1.73,2,1
11:09:48,1.73,50,1
11:10:00,1.73,30,1
11:10:06,1.73,15,1
11:10:12,1.73,60,1
11:10:27,1.73,1,1
11:10:36,1.73,10,1
11:10:48,1.73,4,1
11:10:51,1.73,5,1
11:10:54,1.73,208,1
11:10:57,1.73,26,1
11:11:00,1.73,20,1
11:11:09,1.73,10,1
11:11:15,1.73,3,1
11:11:33,1.73,11,1
11:11:39,1.73,63,1
11:11:48,1.73,4,1
11:11:51,1.73,12,1
11:12:03,1.73,5,1
11:12:18,1.73,30,1
11:12:42,1.73,1,1
11:12:51,1.73,5,1
11:13:15,1.73,1,1
11:13:39,1.73,1,1
11:13:45,1.73,16,1
11:14:06,1.73,6,1
11:14:09,1.73,30,1
11:14:12,1.73,5,1
11:14:18,1.73,2,1
11:14:21,1.73,5,1
11:14:24,1.73,30,1
11:14:27,1.73,5,1
11:14:39,1.73,50,1
11:14:54,1.73,17,1
11:15:09,1.73,11,1
11:15:21,1.73,33,1
11:15:27,1.73,1,1
11:15:39,1.73,2,1
11:16:00,1.73,15,1
11:16:06,1.73,25,1
11:16:09,1.73,1,1
11:16:15,1.73,1,1
11:16:39,1.73,1,1
11:16:51,1.73,14,1
11:17:03,1.73,1,1
11:17:06,1.73,7,1
11:17:15,1.73,1,1
11:17:27,1.73,10,1
11:18:09,1.73,1,1
11:18:15,1.73,5,1
11:18:51,1.73,5,1
11:18:54,1.73,2,1
11:19:09,1.73,1,1
11:19:12,1.73,17,1
11:19:39,1.73,1,1
11:19:48,1.73,40,1
11:19:54,1.73,1,1
11:19:57,1.73,2,1
11:20:06,1.73,50,1
11:20:09,1.73,3,1
11:20:48,1.73,14,1
11:21:18,1.73,11,1
11:21:27,1.73,20,1
11:21:30,1.73,50,1
11:21:33,1.73,44,1
11:21:45,1.73,10,1
11:22:00,1.73,10,1
11:22:03,1.73,1,1
11:22:42,1.73,1,1
11:23:18,1.73,6,1
11:23:36,1.73,4,1
11:23:48,1.73,12,1
11:23:54,1.73,43,1
11:24:42,1.73,1,1
11:25:03,1.73,2,1
11:25:24,1.73,3,1
11:25:36,1.73,30,1
11:25:45,1.73,8,1
11:26:00,1.73,28,1
11:26:39,1.73,22,1
11:27:06,1.73,2,1
11:27:18,1.73,28,1
11:27:21,1.73,18,1
11:27:24,1.73,18,1
11:27:27,1.73,2,1
11:27:39,1.73,38,1
11:27:51,1.73,2,1
11:28:27,1.73,3,1
11:29:54,1.73,1,1
13:00:00,1.73,1188,1
13:00:03,1.73,617,1
13:00:06,1.73,10,1
13:00:36,1.73,20,1
13:00:57,1.73,120,1
13:01:24,1.73,5,1
13:02:24,1.73,14,1
13:02:33,1.73,1,1
13:02:48,1.73,49,1
13:02:54,1.73,2,1
13:03:03,1.73,7,1
13:03:09,1.73,1,1
13:03:12,1.73,59,1
13:03:24,1.73,56,1
13:03:39,1.73,20,1
13:03:48,1.73,20,1
13:04:30,1.73,1,1
13:04:39,1.73,5,1
13:04:45,1.73,10,1
13:04:57,1.73,1,1
13:05:00,1.73,3,1
13:05:03,1.73,80,1
13:05:09,1.73,43,1
13:06:30,1.73,1,1
13:06:36,1.73,12,1
13:06:42,1.73,3,1
13:06:51,1.73,1,1
13:07:15,1.73,5,1
13:07:57,1.73,6,1
13:08:36,1.73,1,1
13:09:09,1.73,14,1
13:10:21,1.73,4,1
13:10:30,1.73,30,1
13:10:33,1.73,25,1
13:10:39,1.73,5,1
13:10:48,1.73,8,1
13:10:57,1.73,100,1
13:11:12,1.73,2,1
13:11:39,1.73,10,1
13:11:48,1.73,6,1
13:12:24,1.73,2,1
13:13:09,1.73,10,1
13:13:30,1.73,2,1
13:13:33,1.73,10,1
13:13:39,1.73,2,1
13:13:51,1.73,1,1
13:13:54,1.73,11,1
13:14:03,1.73,100,1
13:14:18,1.73,6,1
13:14:21,1.73,166,1
13:14:48,1.73,36,1
13:15:03,1.73,17,1
13:15:06,1.73,2,1
13:15:51,1.73,1,1
13:16:33,1.73,4,1
13:16:39,1.73,13,1
13:17:09,1.73,21,1
13:17:12,1.73,15,1
13:17:30,1.73,1,1
13:17:45,1.73,5,1
13:18:24,1.73,1,1
13:20:03,1.73,6,1
13:20:15,1.73,23,1
13:20:33,1.73,1,1
13:22:54,1.73,50,1
13:23:45,1.73,4,1
13:23:57,1.73,5,1
13:24:15,1.73,4,1
13:24:24,1.73,44,1
13:24:30,1.73,6,1
13:25:03,1.73,8,1
13:25:06,1.73,2,1
13:25:45,1.73,80,1
13:25:54,1.73,1,1
13:26:00,1.73,3,1
13:26:12,1.73,3,1
13:26:21,1.73,1,1
13:26:48,1.73,5,1
13:27:15,1.73,3,1
13:27:24,1.73,5,1
13:27:33,1.73,2,1
13:28:30,1.73,50,1
13:29:03,1.73,1,1
13:29:06,1.73,98,1
13:29:18,1.73,1,1
13:29:24,1.73,13,1
13:29:39,1.73,1,1
13:30:12,1.73,1,1
13:30:30,1.73,10,1
13:30:39,1.73,98,1
13:31:09,1.73,14,1
13:31:27,1.73,170,1
13:32:24,1.73,1,1
13:32:45,1.73,110,1
13:32:57,1.73,3,1
13:33:00,1.73,2,1
13:33:21,1.73,1,1
13:33:39,1.73,10,1
13:33:42,1.73,20,1
13:34:18,1.73,200,1
13:34:27,1.73,100,1
13:34:36,1.73,2,1
13:34:39,1.73,52,1
13:34:48,1.73,5,1
13:35:00,1.73,2,1
13:35:39,1.73,5,1
13:36:03,1.73,1,1
13:36:36,1.73,1,1
13:36:45,1.73,1,1
13:37:39,1.73,3,1
13:37:51,1.73,10,1
13:38:45,1.73,15,1
13:39:15,1.73,2,1
13:39:30,1.73,30,1
13:41:00,1.73,20,1
13:41:03,1.73,2,1
13:41:27,1.73,2,1
13:42:42,1.73,3,1
13:43:03,1.73,57,1
13:43:12,1.73,11,1
13:43:51,1.73,1,1
13:44:18,1.73,5,1
13:44:57,1.73,5,1
13:45:09,1.73,10,1
13:45:39,1.73,3,1
13:46:24,1.73,2,1
13:46:30,1.73,2,1
13:46:48,1.73,25,1
13:47:24,1.73,2,1
13:47:51,1.73,5,1
13:48:00,1.73,10,1
13:48:24,1.73,10,1
13:49:06,1.73,2,1
13:49:36,1.73,13,1
13:51:03,1.73,1,1
13:51:06,1.73,10,1
13:51:33,1.73,3,1
13:52:12,1.73,20,1
13:52:36,1.73,5,1
13:53:12,1.73,200,1
13:54:30,1.73,8,1
13:54:42,1.73,6,1
13:55:15,1.73,10,1
13:56:00,1.73,10,1
13:56:30,1.73,1,1
13:56:48,1.73,1,1
13:57:30,1.73,1,1
13:57:51,1.73,10,1
13:58:00,1.73,2,1
13:58:03,1.73,1,1
13:58:12,1.73,1,1
13:58:39,1.73,16,1
13:58:48,1.73,3,1
13:59:03,1.73,4,1
13:59:15,1.73,6,1
14:02:33,1.73,40,1
14:02:48,1.73,1,1
14:04:03,1.73,2,1
14:04:12,1.73,10,1
14:04:30,1.73,5,1
14:05:15,1.73,20,1
14:05:51,1.73,7,1
14:06:09,1.73,57,1
14:06:27,1.73,8,1
14:07:30,1.73,10,1
14:08:27,1.73,7,1
14:08:51,1.73,10,1
14:09:12,1.73,13,1
14:09:57,1.73,2,1
14:10:36,1.73,200,1
14:11:27,1.73,5,1
14:12:15,1.73,5,1
14:12:24,1.73,5,1
14:12:33,1.73,1,1
14:13:03,1.73,1,1
14:14:09,1.73,1,1
14:15:18,1.73,1,1
14:15:21,1.73,20,1
14:16:36,1.73,3,1
14:17:30,1.73,68,1
14:19:09,1.73,3,1
14:20:00,1.73,5,1
14:20:54,1.73,1,1
14:21:00,1.73,1,1
14:21:06,1.73,4,1
14:21:30,1.73,8,1
14:21:36,1.73,1,1
14:21:39,1.73,4,1
14:22:03,1.73,1,1
14:22:09,1.73,6,1
14:22:30,1.73,300,1
14:22:54,1.73,5,1
14:24:15,1.73,2,1
14:25:03,1.73,5,1
14:25:42,1.73,8,1
14:26:27,1.73,1,1
14:26:48,1.73,1,1
14:28:12,1.73,50,1
14:28:18,1.73,50,1
14:28:21,1.73,2,1
14:30:09,1.73,1,1
14:30:12,1.73,1,1
14:33:45,1.73,5,1
14:33:48,1.73,1,1
14:34:24,1.73,2,1
14:34:27,1.73,10,1
14:34:42,1.73,20,1
14:34:54,1.73,4,1
14:35:30,1.73,1,1
14:35:39,1.73,10,1
14:36:00,1.73,1,1
14:38:15,1.73,2,1
14:38:39,1.73,9,1
14:39:06,1.73,98,1
14:39:24,1.73,1,1
14:40:39,1.73,1,1
14:40:48,1.73,1,1
14:40:51,1.73,1,1
14:40:54,1.73,100,1
14:41:09,1.73,4,1
14:42:21,1.73,2,1
14:43:09,1.73,2,1
14:43:54,1.73,7,1
14:44:15,1.73,15,1
14:45:21,1.73,1,1
14:45:30,1.73,7,1
14:45:42,1.73,4,1
14:46:15,1.73,81,1
14:47:09,1.73,3,1
14:47:18,1.73,7,1
14:48:12,1.73,29,1
14:48:30,1.73,386,1
14:48:39,1.73,127,1
14:49:09,1.73,5,1
14:49:12,1.73,1,1
14:49:48,1.73,10,1
14:49:57,1.73,5,1
14:50:30,1.73,1,1
14:50:51,1.73,10,1
14:51:18,1.73,1,1
14:51:39,1.73,23,1
14:51:54,1.73,1,1
14:51:57,1.73,3,1
14:52:00,1.73,18,1
14:52:03,1.73,22,1
14:52:39,1.73,4,1
14:52:42,1.73,2,1
14:52:48,1.73,1,1
14:53:03,1.73,2,1
14:53:18,1.73,5,1
14:53:30,1.73,1,1
14:53:42,1.73,36,1
14:54:15,1.73,33,1
14:54:21,1.73,40,1
14:54:27,1.73,2,1
14:54:33,1.73,5,1
14:54:48,1.73,3,1
14:54:51,1.73,2,1
14:55:00,1.73,2,1
14:55:21,1.73,1,1
14:55:30,1.73,17,1
14:55:33,1.73,10,1
14:55:39,1.73,3,1
14:55:45,1.73,6,1
14:55:51,1.73,18,1
14:55:54,1.73,2,1
14:56:18,1.73,28,1
14:56:21,1.73,1,1
14:56:36,1.73,13,1
14:56:42,1.73,53,1
14:56:48,1.73,7,1
14:56:51,1.73,10,1
14:56:54,1.73,78,1
14:56:57,1.73,10,1
14:57:00,1.73,1,1
15:00:00,1.73,125,1
