时间,成交价,手数,买卖盘性质
09:15:00,1.56,57,0
09:15:09,1.56,691,0
09:15:18,1.56,691,0
09:15:27,1.56,791,0
09:15:36,1.56,800,0
09:15:45,1.56,901,0
09:15:54,1.56,901,0
09:16:03,1.56,791,0
09:16:12,1.56,791,0
09:16:21,1.56,791,0
09:16:30,1.56,792,0
09:16:39,1.56,792,0
09:16:48,1.56,812,0
09:16:57,1.56,819,0
09:17:06,1.56,819,0
09:17:15,1.56,819,0
09:17:24,1.56,819,0
09:17:33,1.56,937,0
09:17:42,1.56,2859,0
09:17:51,1.56,940,0
09:18:00,1.56,1038,0
09:18:09,1.56,1074,0
09:18:18,1.56,1067,0
09:18:27,1.56,1146,0
09:18:36,1.56,930,0
09:18:45,1.56,1066,0
09:18:54,1.56,1166,0
09:19:03,1.56,1166,0
09:19:12,1.56,865,0
09:19:21,1.56,885,0
09:19:30,1.56,775,0
09:19:39,1.56,805,0
09:19:48,1.56,805,0
09:19:57,1.56,1267,0
09:20:00,1.56,1267,0
09:20:09,1.56,1267,0
09:20:18,1.56,1267,0
09:20:27,1.56,1267,0
09:20:36,1.56,1267,0
09:20:45,1.56,1269,0
09:20:54,1.56,1269,0
09:21:03,1.56,1269,0
09:21:12,1.56,1270,0
09:21:21,1.56,1270,0
09:21:30,1.56,1270,0
09:21:39,1.56,1270,0
09:21:48,1.56,1270,0
09:21:57,1.56,1271,0
09:22:06,1.56,1282,0
09:22:15,1.56,1282,0
09:22:24,1.56,1292,0
09:22:33,1.56,1302,0
09:22:42,1.56,1302,0
09:22:51,1.56,1302,0
09:23:00,1.56,1317,0
09:23:09,1.56,1317,0
09:23:18,1.56,1317,0
09:23:27,1.56,1373,0
09:23:36,1.56,1373,0
09:23:45,1.56,1373,0
09:23:54,1.56,1378,0
09:24:03,1.56,1378,0
09:24:12,1.56,1378,0
09:24:21,1.56,1378,0
09:24:30,1.56,1378,0
09:24:39,1.56,1378,0
09:24:48,1.56,1426,0
09:24:57,1.56,1437,0
09:25:00,1.56,1512,1
09:30:00,1.56,349,1
09:30:03,1.56,311,1
09:30:06,1.56,20,1
09:30:15,1.56,1,1
09:30:18,1.56,20,1
09:30:24,1.56,10,1
09:31:03,1.56,65,1
09:31:15,1.56,33,1
09:31:36,1.56,64,1
09:31:57,1.56,19,1
09:32:06,1.56,8,1
09:32:30,1.56,4,1
09:32:33,1.56,5,1
09:32:42,1.56,1,1
09:33:15,1.56,1,1
09:33:21,1.56,9,1
09:33:27,1.56,5,1
09:33:36,1.56,4,1
09:33:42,1.56,6,1
09:33:54,1.56,7,1
09:34:12,1.56,36,1
09:34:33,1.56,50,1
09:34:51,1.56,11,1
09:35:18,1.56,1,1
09:36:00,1.56,75,1
09:36:54,1.56,5,1
09:37:24,1.56,2,1
09:37:27,1.56,5,1
09:37:48,1.56,1,1
09:38:06,1.56,2,1
09:38:27,1.56,3,1
09:39:03,1.56,5,1
09:39:21,1.56,50,1
09:39:36,1.56,3,1
09:39:54,1.56,4,1
09:40:36,1.56,2,1
09:42:12,1.56,1,1
09:44:03,1.56,1,1
09:44:21,1.56,2,1
09:45:03,1.56,8,1
09:45:45,1.56,29,1
09:46:03,1.56,10,1
09:46:06,1.56,1,1
09:46:30,1.56,2,1
09:46:39,1.56,28,1
09:47:21,1.56,36,1
09:47:48,1.56,10,1
09:48:33,1.56,2,1
09:49:48,1.56,2,1
09:50:45,1.56,1,1
09:51:24,1.56,5,1
09:51:51,1.56,5,1
09:52:30,1.56,14,1
09:52:57,1.56,1,1
09:53:39,1.56,3,1
09:54:09,1.56,20,1
09:55:06,1.56,1,1
09:55:33,1.56,5,1
09:55:45,1.56,1,1
09:55:51,1.56,43,1
09:56:39,1.56,5,1
09:56:42,1.56,15,1
09:57:00,1.56,10,1
09:57:15,1.56,10,1
09:57:21,1.56,14,1
09:57:39,1.56,3,1
09:58:00,1.56,1,1
09:58:51,1.56,2,1
09:59:21,1.56,20,1
09:59:39,1.56,4,1
10:00:18,1.56,29,1
10:01:30,1.56,11,1
10:01:42,1.56,5,1
10:02:09,1.56,1,1
10:02:18,1.56,1,1
10:02:36,1.56,12,1
10:03:18,1.56,1,1
10:03:51,1.56,12,1
10:04:57,1.56,3,1
10:05:33,1.56,12,1
10:06:57,1.56,1,1
10:08:54,1.56,1,1
10:10:33,1.56,4,1
10:12:33,1.56,1,1
10:13:27,1.56,2,1
10:13:36,1.56,4,1
10:16:57,1.56,2,1
10:17:57,1.56,20,1
10:19:12,1.56,1,1
10:19:48,1.56,2,1
10:21:12,1.56,77,1
10:21:48,1.56,19,1
10:24:30,1.56,2,1
10:24:51,1.56,23,1
10:25:18,1.56,14,1
10:25:27,1.56,50,1
10:25:39,1.56,1,1
10:29:15,1.56,100,1
10:30:09,1.56,3,1
10:31:30,1.56,4,1
10:32:00,1.56,50,1
10:36:30,1.56,1,1
10:36:51,1.56,7,1
10:38:09,1.56,14,1
10:38:42,1.56,1,1
10:40:27,1.56,1,1
10:41:12,1.56,1,1
10:41:54,1.56,2,1
10:42:39,1.56,1,1
10:44:27,1.56,1,1
10:46:00,1.56,277,1
10:48:12,1.56,2,1
10:49:03,1.56,58,1
10:49:09,1.56,14,1
10:49:54,1.56,2,1
10:50:45,1.56,1,1
10:51:15,1.56,2,1
10:53:00,1.56,30,1
10:53:18,1.56,5,1
10:53:27,1.56,2,1
10:53:48,1.56,7,1
10:54:15,1.56,2,1
10:54:42,1.56,1,1
10:56:06,1.56,10,1
10:57:06,1.56,1,1
10:59:00,1.56,2,1
10:59:06,1.56,5,1
11:00:18,1.56,2,1
11:00:24,1.56,2,1
11:00:27,1.56,13,1
11:00:39,1.56,2,1
11:02:15,1.56,2,1
11:02:30,1.56,1,1
11:04:15,1.56,1,1
11:04:30,1.56,3,1
11:04:36,1.56,30,1
11:04:51,1.56,2,1
11:05:00,1.56,1,1
11:06:12,1.56,4,1
11:06:39,1.56,2,1
11:07:06,1.56,1,1
11:07:45,1.56,1,1
11:09:03,1.56,2,1
11:09:09,1.56,23,1
11:09:12,1.56,2,1
11:09:42,1.56,2,1
11:09:57,1.56,1,1
11:10:27,1.56,10,1
11:11:12,1.56,5,1
11:11:18,1.56,1,1
11:11:45,1.56,5,1
11:11:51,1.56,1,1
11:12:00,1.56,1,1
11:13:48,1.56,10,1
11:14:09,1.56,12,1
11:14:48,1.56,1,1
11:16:33,1.56,5,1
11:17:09,1.56,1,1
11:18:39,1.56,1,1
11:19:09,1.56,6,1
11:20:03,1.56,25,1
11:21:24,1.56,9,1
11:21:51,1.56,5,1
11:23:21,1.56,10,1
11:24:57,1.56,1,1
11:29:18,1.56,7,1
13:00:00,1.56,9,1
13:00:03,1.56,5,1
13:01:36,1.56,8,1
13:02:09,1.56,2,1
13:05:39,1.56,2,1
13:08:27,1.56,5,1
13:10:42,1.56,2,1
13:17:24,1.56,1,1
13:17:57,1.56,4,1
13:18:48,1.56,8,1
13:19:18,1.56,25,1
13:20:42,1.56,3,1
13:20:48,1.56,100,1
13:21:36,1.56,20,1
13:23:12,1.56,6,1
13:23:24,1.56,50,1
13:23:39,1.56,10,1
13:23:42,1.56,100,1
13:26:45,1.56,1,1
13:28:36,1.56,50,1
13:30:30,1.56,1,1
13:32:18,1.56,8,1
13:37:00,1.56,48,1
13:44:18,1.56,1,1
13:44:45,1.56,24,1
13:47:09,1.56,6,1
13:50:00,1.56,40,1
13:50:45,1.56,25,1
13:52:48,1.56,1,1
13:53:06,1.56,2,1
13:53:48,1.56,10,1
13:54:33,1.56,5,1
13:55:03,1.56,1,1
13:56:30,1.56,1,1
14:01:09,1.56,1,1
14:01:48,1.56,4,1
14:03:06,1.56,1,1
14:04:06,1.56,4,1
14:04:45,1.56,5,1
14:05:09,1.56,5,1
14:05:30,1.56,6,1
14:08:12,1.56,12,1
14:10:00,1.56,1,1
14:10:39,1.56,2,1
14:13:51,1.56,4,1
14:16:24,1.56,5,1
14:16:27,1.56,5,1
14:16:51,1.56,10,1
14:18:21,1.56,3,1
14:19:15,1.56,1,1
14:19:54,1.56,10,1
14:21:00,1.56,6,1
14:21:06,1.56,5,1
14:23:15,1.56,2,1
14:25:15,1.56,5,1
14:25:24,1.56,1,1
14:25:54,1.56,25,1
14:27:15,1.56,6,1
14:27:57,1.56,6,1
14:29:21,1.56,40,1
14:30:21,1.56,4,1
14:30:42,1.56,1,1
14:31:12,1.56,100,1
14:31:54,1.56,3,1
14:32:00,1.56,30,1
14:38:03,1.56,10,1
14:38:42,1.56,2,1
14:39:09,1.56,1,1
14:42:21,1.56,1,1
14:43:27,1.56,4,1
14:47:12,1.56,1,1
14:48:39,1.56,20,1
14:49:30,1.56,1,1
14:50:21,1.56,22,1
14:50:54,1.56,1,1
14:51:12,1.56,15,1
14:52:09,1.56,1,1
14:52:21,1.56,1,1
14:53:15,1.56,3,1
14:53:27,1.56,10,1
14:54:42,1.56,20,1
14:55:24,1.56,10,1
14:55:36,1.56,2,1
14:55:48,1.56,10,1
14:56:03,1.56,10,1
14:56:15,1.56,5,1
14:56:33,1.56,23,1
14:56:45,1.56,30,1
14:56:54,1.56,1,1
14:56:57,1.56,1,1
15:00:00,1.56,16,1
