时间,成交价,手数,买卖盘性质
09:15:00,2.24,4655,0
09:15:09,2.24,15636,0
09:15:18,2.24,20655,0
09:15:27,2.24,26139,0
09:15:36,2.24,31139,0
09:15:45,2.24,36129,0
09:15:54,2.24,36349,0
09:16:03,2.24,31436,0
09:16:12,2.24,31750,0
09:16:21,2.24,32017,0
09:16:30,2.24,32070,0
09:16:39,2.24,32252,0
09:16:48,2.24,32376,0
09:16:57,2.24,32653,0
09:17:06,2.24,32790,0
09:17:15,2.24,32506,0
09:17:24,2.24,33068,0
09:17:33,2.24,31250,0
09:17:42,2.24,31194,0
09:17:51,2.24,31135,0
09:18:00,2.24,30441,0
09:18:09,2.24,30467,0
09:18:18,2.24,30658,0
09:18:27,2.24,30625,0
09:18:36,2.24,30702,0
09:18:45,2.24,30582,0
09:18:54,2.24,30545,0
09:19:03,2.24,30883,0
09:19:12,2.24,25304,0
09:19:21,2.24,24497,0
09:19:30,2.24,19486,0
09:19:39,2.24,16822,0
09:19:48,2.24,10173,0
09:19:57,2.24,2090,0
09:20:00,2.24,2099,0
09:20:09,2.24,2161,0
09:20:18,2.24,2161,0
09:20:27,2.24,2162,0
09:20:36,2.24,2210,0
09:20:45,2.24,2210,0
09:20:54,2.24,2243,0
09:21:03,2.24,2243,0
09:21:12,2.24,2388,0
09:21:21,2.24,2419,0
09:21:30,2.24,2429,0
09:21:39,2.24,2467,0
09:21:48,2.24,2484,0
09:21:57,2.24,2484,0
09:22:06,2.24,2528,0
09:22:15,2.24,2573,0
09:22:24,2.24,2573,0
09:22:33,2.24,2618,0
09:22:42,2.24,2645,0
09:22:51,2.24,2745,0
09:23:00,2.24,2749,0
09:23:09,2.24,2770,0
09:23:18,2.24,2779,0
09:23:27,2.24,2879,0
09:23:36,2.24,2916,0
09:23:45,2.24,3371,0
09:23:54,2.24,3424,0
09:24:03,2.24,3431,0
09:24:12,2.24,3464,0
09:24:21,2.24,3505,0
09:24:30,2.24,3505,0
09:24:39,2.24,3580,0
09:24:48,2.24,3691,0
09:24:57,2.24,3736,0
09:25:00,2.24,3933,1
09:30:00,2.24,251,1
09:30:03,2.24,1796,1
09:30:06,2.24,139,1
09:30:09,2.24,31,1
09:30:15,2.24,92,1
09:30:18,2.24,138,1
09:30:21,2.24,10,1
09:30:24,2.24,28,1
09:30:27,2.24,14,1
09:30:30,2.24,7,1
09:30:33,2.24,8,1
09:30:39,2.24,3,1
09:30:45,2.24,50,1
09:30:48,2.24,7,1
09:30:51,2.24,15,1
09:30:57,2.24,1,1
09:31:00,2.24,5,1
09:31:06,2.24,1,1
09:31:12,2.24,40,1
09:31:18,2.24,35,1
09:31:21,2.24,80,1
09:31:27,2.24,81,1
09:31:30,2.24,4,1
09:31:36,2.24,11,1
09:31:42,2.24,6,1
09:31:45,2.24,2,1
09:31:51,2.24,5,1
09:32:00,2.24,2,1
09:32:03,2.24,80,1
09:32:06,2.24,2,1
09:32:09,2.24,103,1
09:32:12,2.24,7,1
09:32:15,2.24,8,1
09:32:18,2.24,6,1
09:32:27,2.24,22,1
09:32:36,2.24,12,1
09:32:39,2.24,2,1
09:32:45,2.24,47,1
09:32:51,2.24,39,1
09:32:54,2.24,60,1
09:33:00,2.24,22,1
09:33:03,2.24,45,1
09:33:06,2.24,2,1
09:33:12,2.24,11,1
09:33:15,2.24,15,1
09:33:18,2.24,45,1
09:33:30,2.24,22,1
09:33:33,2.24,1,1
09:33:36,2.24,5,1
09:33:42,2.24,4,1
09:33:57,2.24,5,1
09:34:06,2.24,23,1
09:34:09,2.24,30,1
09:34:18,2.24,15,1
09:34:21,2.24,10,1
09:34:30,2.24,96,1
09:34:39,2.24,12,1
09:34:51,2.24,23,1
09:34:57,2.24,98,1
09:35:03,2.24,4,1
09:35:21,2.24,20,1
09:35:27,2.24,10,1
09:35:39,2.24,18,1
09:35:42,2.24,22,1
09:35:45,2.24,4,1
09:35:51,2.24,1,1
09:36:00,2.24,3,1
09:36:03,2.24,10,1
09:36:06,2.24,1,1
09:36:12,2.24,8,1
09:36:18,2.24,6,1
09:36:21,2.24,2,1
09:36:30,2.24,55,1
09:36:33,2.24,49,1
09:36:39,2.24,2,1
09:36:48,2.24,5,1
09:36:51,2.24,20,1
09:37:03,2.24,50,1
09:37:09,2.24,3,1
09:37:12,2.24,50,1
09:37:21,2.24,12,1
09:37:30,2.24,1,1
09:37:36,2.24,10,1
09:37:39,2.24,5,1
09:37:45,2.24,20,1
09:37:51,2.24,5,1
09:38:06,2.24,44,1
09:38:15,2.24,12,1
09:38:21,2.24,39,1
09:38:24,2.24,3,1
09:38:27,2.24,100,1
09:38:33,2.24,1,1
09:38:42,2.24,1,1
09:38:45,2.24,5,1
09:38:54,2.24,42,1
09:39:03,2.24,31,1
09:39:12,2.24,2,1
09:39:15,2.24,7,1
09:39:24,2.24,2,1
09:39:33,2.24,12,1
09:39:36,2.24,12,1
09:39:39,2.24,15,1
09:39:51,2.24,22,1
09:39:54,2.24,5,1
09:40:00,2.24,115,1
09:40:03,2.24,1,1
09:40:09,2.24,19,1
09:40:33,2.24,5,1
09:40:45,2.24,10,1
09:40:51,2.24,50,1
09:40:54,2.24,144,1
09:41:12,2.24,3,1
09:41:27,2.24,5,1
09:41:45,2.24,1,1
09:41:54,2.24,2,1
09:41:57,2.24,1,1
09:42:09,2.24,10,1
09:42:12,2.24,5,1
09:42:15,2.24,1,1
09:42:24,2.24,5,1
09:42:36,2.24,20,1
09:42:48,2.24,10,1
09:43:00,2.24,39,1
09:43:06,2.24,1,1
09:43:12,2.24,3,1
09:43:18,2.24,2,1
09:43:48,2.24,26,1
09:43:57,2.24,20,1
09:44:12,2.24,5,1
09:44:24,2.24,5,1
09:44:30,2.24,1,1
09:44:39,2.24,10,1
09:44:42,2.24,47,1
09:44:45,2.24,10,1
09:44:51,2.24,2,1
09:45:03,2.24,1,1
09:45:15,2.24,3,1
09:45:21,2.24,71,1
09:45:24,2.24,67,1
09:45:27,2.24,10,1
09:45:36,2.24,5,1
09:45:39,2.24,79,1
09:45:42,2.24,65,1
09:46:00,2.24,80,1
09:46:39,2.24,1,1
09:46:42,2.24,1,1
09:46:45,2.24,40,1
09:46:57,2.24,5,1
09:47:00,2.24,60,1
09:47:03,2.24,50,1
09:47:18,2.24,91,1
09:47:30,2.24,1,1
09:47:33,2.24,11,1
09:47:39,2.24,5,1
09:47:45,2.24,22,1
09:47:54,2.24,3,1
09:48:00,2.24,400,1
09:48:09,2.24,1,1
09:48:12,2.24,1,1
09:48:15,2.24,14,1
09:48:18,2.24,2,1
09:48:30,2.24,4,1
09:48:36,2.24,61,1
09:48:39,2.24,20,1
09:48:51,2.24,9,1
09:48:54,2.24,20,1
09:49:24,2.24,1,1
09:49:54,2.24,20,1
09:49:57,2.24,22,1
09:50:06,2.24,2,1
09:50:15,2.24,5,1
09:50:18,2.24,22,1
09:50:21,2.24,1,1
09:50:39,2.24,42,1
09:50:48,2.24,28,1
09:51:18,2.24,5,1
09:51:21,2.24,8,1
09:51:27,2.24,6,1
09:51:33,2.24,9,1
09:51:51,2.24,78,1
09:51:54,2.24,86,1
09:51:57,2.24,5,1
09:52:15,2.24,24,1
09:52:18,2.24,1,1
09:52:21,2.24,10,1
09:52:30,2.24,4,1
09:52:54,2.24,20,1
09:53:03,2.24,21,1
09:53:06,2.24,3,1
09:53:09,2.24,3,1
09:53:12,2.24,10,1
09:53:18,2.24,12,1
09:53:27,2.24,10,1
09:53:30,2.24,152,1
09:53:33,2.24,14,1
09:53:39,2.24,1,1
09:53:42,2.24,10,1
09:53:45,2.24,1,1
09:53:54,2.24,5,1
09:54:03,2.24,6,1
09:54:06,2.24,37,1
09:54:12,2.24,8,1
09:55:00,2.24,4,1
09:55:18,2.24,7,1
09:55:27,2.24,6,1
09:55:33,2.24,7,1
09:55:36,2.24,1,1
09:55:39,2.24,3,1
09:55:48,2.24,3,1
09:56:15,2.24,6,1
09:56:21,2.24,2,1
09:56:27,2.24,2,1
09:56:42,2.24,9,1
09:57:24,2.24,2,1
09:57:33,2.24,5,1
09:57:51,2.24,9,1
09:58:27,2.24,1,1
09:58:36,2.24,3,1
09:58:39,2.24,4,1
09:58:45,2.24,131,1
09:59:09,2.24,5,1
09:59:15,2.24,8,1
09:59:21,2.24,2,1
10:00:12,2.24,1,1
10:00:15,2.24,1,1
10:00:18,2.24,6,1
10:00:33,2.24,6,1
10:00:51,2.24,30,1
10:00:57,2.24,1,1
10:01:06,2.24,12,1
10:01:15,2.24,1,1
10:01:18,2.24,2,1
10:01:33,2.24,2,1
10:02:09,2.24,2,1
10:02:15,2.24,23,1
10:02:21,2.24,1,1
10:02:45,2.24,2,1
10:02:54,2.24,9,1
10:03:27,2.24,4,1
10:03:39,2.24,3,1
10:03:45,2.24,35,1
10:04:00,2.24,1,1
10:04:54,2.24,2,1
10:05:39,2.24,1,1
10:06:15,2.24,1,1
10:07:06,2.24,10,1
10:07:33,2.24,2,1
10:07:42,2.24,1,1
10:08:00,2.24,1,1
10:08:12,2.24,28,1
10:08:27,2.24,30,1
10:08:54,2.24,3,1
10:08:57,2.24,45,1
10:09:12,2.24,5,1
10:09:15,2.24,90,1
10:09:57,2.24,1,1
10:10:09,2.24,10,1
10:10:24,2.24,2,1
10:10:30,2.24,20,1
10:10:33,2.24,10,1
10:10:36,2.24,60,1
10:11:39,2.24,20,1
10:11:45,2.24,34,1
10:12:00,2.24,4,1
10:12:12,2.24,4,1
10:12:21,2.24,4,1
10:12:24,2.24,11,1
10:12:30,2.24,100,1
10:12:36,2.24,2,1
10:13:06,2.24,2,1
10:13:27,2.24,22,1
10:13:45,2.24,1,1
10:14:30,2.24,7,1
10:15:06,2.24,3,1
10:15:21,2.24,1,1
10:15:39,2.24,1,1
10:15:51,2.24,61,1
10:16:06,2.24,1,1
10:17:39,2.24,2,1
10:18:36,2.24,2,1
10:19:00,2.24,1,1
10:19:30,2.24,1,1
10:19:39,2.24,2,1
10:20:06,2.24,1,1
10:21:18,2.24,1,1
10:21:57,2.24,4,1
10:22:27,2.24,10,1
10:24:00,2.24,40,1
10:25:36,2.24,2,1
10:26:39,2.24,5,1
10:26:48,2.24,3,1
10:26:57,2.24,9,1
10:27:09,2.24,20,1
10:27:27,2.24,24,1
10:28:00,2.24,40,1
10:29:00,2.24,1,1
10:31:45,2.24,1,1
10:32:03,2.24,1,1
10:32:15,2.24,10,1
10:32:24,2.24,5,1
10:32:42,2.24,6,1
10:32:48,2.24,50,1
10:33:09,2.24,1,1
10:33:27,2.24,3,1
10:33:33,2.24,2,1
10:34:21,2.24,5,1
10:34:36,2.24,5,1
10:35:24,2.24,1,1
10:35:33,2.24,3,1
10:35:39,2.24,100,1
10:35:57,2.24,2,1
10:36:30,2.24,10,1
10:37:45,2.24,10,1
10:40:18,2.24,1,1
10:40:39,2.24,1,1
10:41:00,2.24,50,1
10:41:03,2.24,10,1
10:41:30,2.24,1,1
10:41:42,2.24,1,1
10:42:06,2.24,2,1
10:42:45,2.24,1,1
10:44:06,2.24,1,1
10:44:57,2.24,1,1
10:45:00,2.24,11,1
10:45:06,2.24,37,1
10:45:27,2.24,10,1
10:45:39,2.24,10,1
10:45:54,2.24,33,1
10:46:18,2.24,1,1
10:46:57,2.24,3,1
10:48:30,2.24,11,1
10:48:36,2.24,1,1
10:49:54,2.24,8,1
10:50:30,2.24,1,1
10:50:54,2.24,20,1
10:51:57,2.24,10,1
10:53:03,2.24,3,1
10:54:00,2.24,10,1
10:55:03,2.24,45,1
10:55:06,2.24,9,1
10:56:12,2.24,10,1
10:56:27,2.24,45,1
10:56:42,2.24,8,1
10:56:54,2.24,1,1
10:57:21,2.24,200,1
10:58:39,2.24,20,1
10:59:12,2.24,1,1
11:00:06,2.24,20,1
11:00:42,2.24,3,1
11:00:57,2.24,1,1
11:01:33,2.24,20,1
11:01:57,2.24,43,1
11:02:21,2.24,26,1
11:02:45,2.24,5,1
11:03:03,2.24,10,1
11:03:24,2.24,1,1
11:03:33,2.24,1,1
11:03:45,2.24,1,1
11:04:06,2.24,1,1
11:04:33,2.24,10,1
11:04:48,2.24,2,1
11:05:27,2.24,4,1
11:05:33,2.24,26,1
11:06:03,2.24,4,1
11:07:00,2.24,1,1
11:07:09,2.24,10,1
11:07:24,2.24,50,1
11:07:27,2.24,4,1
11:07:42,2.24,1,1
11:07:48,2.24,10,1
11:07:51,2.24,1,1
11:09:24,2.24,1,1
11:09:57,2.24,10,1
11:10:00,2.24,1,1
11:10:27,2.24,5,1
11:12:57,2.24,1,1
11:13:15,2.24,2,1
11:13:27,2.24,1,1
11:16:39,2.24,9,1
11:18:21,2.24,1,1
11:18:39,2.24,4,1
11:19:21,2.24,1,1
11:19:39,2.24,1,1
11:20:48,2.24,5,1
11:22:00,2.24,2,1
11:22:30,2.24,2,1
11:24:00,2.24,1,1
11:24:12,2.24,5,1
11:24:42,2.24,4,1
11:24:51,2.24,1,1
11:25:27,2.24,1,1
11:25:54,2.24,17,1
11:27:12,2.24,35,1
11:27:21,2.24,8,1
13:00:00,2.24,60,1
13:00:03,2.24,151,1
13:00:06,2.24,50,1
13:02:30,2.24,1,1
13:02:48,2.24,1,1
13:03:06,2.24,1,1
13:04:21,2.24,1,1
13:06:51,2.24,17,1
13:07:27,2.24,3,1
13:07:45,2.24,5,1
13:07:54,2.24,1,1
13:09:21,2.24,10,1
13:09:33,2.24,5,1
13:09:36,2.24,10,1
13:09:51,2.24,1,1
13:09:57,2.24,1,1
13:10:06,2.24,1,1
13:10:12,2.24,6,1
13:10:18,2.24,1,1
13:10:24,2.24,1,1
13:10:30,2.24,1,1
13:10:36,2.24,1,1
13:10:42,2.24,2,1
13:10:45,2.24,1,1
13:10:51,2.24,1,1
13:10:54,2.24,2,1
13:11:09,2.24,9,1
13:11:15,2.24,1,1
13:11:21,2.24,1,1
13:11:27,2.24,1,1
13:11:30,2.24,1,1
13:12:39,2.24,4,1
13:13:03,2.24,6,1
13:13:39,2.24,5,1
13:13:48,2.24,2,1
13:15:12,2.24,36,1
13:17:24,2.24,32,1
13:17:30,2.24,3,1
13:18:09,2.24,2,1
13:19:48,2.24,542,1
13:20:36,2.24,4,1
13:20:54,2.24,17,1
13:21:30,2.24,1,1
13:22:39,2.24,43,1
13:23:03,2.24,1,1
13:24:21,2.24,13,1
13:27:18,2.24,1,1
13:27:30,2.24,4,1
13:27:57,2.24,3,1
13:28:48,2.24,40,1
13:29:09,2.24,6,1
13:29:30,2.24,1,1
13:30:30,2.24,20,1
13:30:36,2.24,1,1
13:30:57,2.24,5,1
13:31:42,2.24,23,1
13:31:45,2.24,140,1
13:33:30,2.24,5,1
13:33:54,2.24,20,1
13:34:33,2.24,13,1
13:35:12,2.24,1,1
13:35:21,2.24,3,1
13:35:54,2.24,3,1
13:35:57,2.24,10,1
13:36:06,2.24,1,1
13:36:18,2.24,2,1
13:37:42,2.24,4,1
13:38:33,2.24,10,1
13:39:33,2.24,10,1
13:40:12,2.24,1,1
13:41:39,2.24,1,1
13:42:48,2.24,2,1
13:43:15,2.24,10,1
13:43:24,2.24,1,1
13:44:15,2.24,1,1
13:44:27,2.24,40,1
13:46:03,2.24,1,1
13:47:12,2.24,1,1
13:49:12,2.24,68,1
13:49:24,2.24,2,1
13:50:00,2.24,5,1
13:51:00,2.24,1,1
13:51:42,2.24,39,1
13:52:00,2.24,19,1
13:52:27,2.24,5,1
13:52:48,2.24,5,1
13:52:54,2.24,20,1
13:53:06,2.24,20,1
13:53:30,2.24,8,1
13:53:45,2.24,14,1
13:54:12,2.24,19,1
13:54:39,2.24,5,1
13:55:33,2.24,16,1
13:55:39,2.24,1,1
13:56:54,2.24,10,1
13:57:00,2.24,18,1
13:57:12,2.24,2,1
13:57:36,2.24,22,1
13:57:39,2.24,7,1
13:57:42,2.24,9,1
13:58:06,2.24,7,1
13:58:12,2.24,1,1
13:58:24,2.24,1,1
13:58:27,2.24,1,1
13:58:54,2.24,39,1
13:59:09,2.24,1,1
13:59:15,2.24,1,1
13:59:21,2.24,27,1
13:59:33,2.24,12,1
14:00:18,2.24,29,1
14:00:27,2.24,10,1
14:00:30,2.24,5,1
14:00:33,2.24,1,1
14:01:00,2.24,5,1
14:01:09,2.24,8,1
14:01:12,2.24,10,1
14:01:24,2.24,1,1
14:01:33,2.24,10,1
14:02:12,2.24,1,1
14:02:15,2.24,1,1
14:02:45,2.24,1,1
14:03:12,2.24,4,1
14:03:36,2.24,93,1
14:04:15,2.24,1,1
14:04:18,2.24,1,1
14:05:06,2.24,2,1
14:06:15,2.24,3,1
14:07:06,2.24,5,1
14:07:18,2.24,5,1
14:07:21,2.24,5,1
14:07:54,2.24,1,1
14:10:21,2.24,1,1
14:10:30,2.24,4,1
14:11:21,2.24,5,1
14:11:36,2.24,2,1
14:11:54,2.24,3,1
14:12:30,2.24,1,1
14:12:48,2.24,6,1
14:12:51,2.24,3,1
14:12:54,2.24,3,1
14:12:57,2.24,20,1
14:13:03,2.24,3,1
14:13:12,2.24,3,1
14:13:18,2.24,3,1
14:13:21,2.24,10,1
14:13:27,2.24,3,1
14:13:36,2.24,3,1
14:14:00,2.24,1,1
14:14:18,2.24,18,1
14:14:27,2.24,1,1
14:14:57,2.24,10,1
14:15:00,2.24,2,1
14:15:09,2.24,13,1
14:15:18,2.24,3,1
14:15:27,2.24,45,1
14:15:33,2.24,3,1
14:15:45,2.24,3,1
14:15:51,2.24,3,1
14:16:06,2.24,2,1
14:16:18,2.24,1,1
14:16:33,2.24,4,1
14:17:15,2.24,1,1
14:17:27,2.24,10,1
14:17:33,2.24,9,1
14:18:00,2.24,1,1
14:18:27,2.24,10,1
14:19:36,2.24,25,1
14:19:57,2.24,2,1
14:20:06,2.24,1,1
14:20:18,2.24,20,1
14:20:39,2.24,10,1
14:20:48,2.24,14,1
14:21:03,2.24,40,1
14:21:18,2.24,1,1
14:21:33,2.24,20,1
14:22:03,2.24,1,1
14:22:30,2.24,1,1
14:22:39,2.24,3,1
14:22:48,2.24,81,1
14:22:57,2.24,18,1
14:23:09,2.24,5,1
14:23:21,2.24,10,1
14:23:45,2.24,10,1
14:23:57,2.24,3,1
14:24:00,2.24,1,1
14:25:18,2.24,1,1
14:26:12,2.24,45,1
14:26:30,2.24,1,1
14:26:45,2.24,2,1
14:27:06,2.24,1,1
14:27:18,2.24,10,1
14:27:24,2.24,10,1
14:27:39,2.24,15,1
14:27:42,2.24,1,1
14:27:51,2.24,100,1
14:28:39,2.24,2,1
14:28:42,2.24,1,1
14:30:06,2.24,1,1
14:30:21,2.24,10,1
14:33:24,2.24,5,1
14:34:12,2.24,5,1
14:34:42,2.24,67,1
14:34:57,2.24,60,1
14:35:06,2.24,1,1
14:35:33,2.24,1,1
14:35:48,2.24,4,1
14:36:12,2.24,3,1
14:36:18,2.24,3,1
14:36:45,2.24,2,1
14:36:54,2.24,1,1
14:37:39,2.24,10,1
14:38:36,2.24,1,1
14:38:45,2.24,5,1
14:40:03,2.24,10,1
14:40:51,2.24,2,1
14:41:18,2.24,1,1
14:41:36,2.24,10,1
14:41:54,2.24,10,1
14:42:21,2.24,20,1
14:43:03,2.24,1,1
14:44:57,2.24,11,1
14:45:09,2.24,132,1
14:45:33,2.24,10,1
14:46:27,2.24,2,1
14:46:33,2.24,5,1
14:46:54,2.24,3,1
14:46:57,2.24,1,1
14:47:12,2.24,3,1
14:47:15,2.24,2,1
14:47:21,2.24,5,1
14:47:48,2.24,50,1
14:47:51,2.24,2,1
14:48:00,2.24,8,1
14:49:03,2.24,2,1
14:49:27,2.24,2,1
14:50:15,2.24,5,1
14:50:18,2.24,20,1
14:50:30,2.24,1,1
14:50:39,2.24,190,1
14:50:51,2.24,10,1
14:51:24,2.24,30,1
14:51:33,2.24,3,1
14:51:48,2.24,12,1
14:52:03,2.24,10,1
14:52:21,2.24,10,1
14:52:36,2.24,22,1
14:52:45,2.24,11,1
14:52:48,2.24,20,1
14:53:00,2.24,250,1
14:53:21,2.24,11,1
14:53:36,2.24,40,1
14:53:48,2.24,10,1
14:54:21,2.24,20,1
14:54:33,2.24,1,1
14:54:42,2.24,34,1
14:54:48,2.24,50,1
14:55:15,2.24,10,1
14:55:18,2.24,105,1
14:55:21,2.24,1,1
14:55:30,2.24,6,1
14:55:36,2.24,28,1
14:55:51,2.24,6,1
14:55:57,2.24,1,1
14:56:00,2.24,92,1
14:56:12,2.24,114,1
14:56:15,2.24,1,1
14:56:18,2.24,21,1
14:56:24,2.24,50,1
14:56:30,2.24,10,1
14:56:33,2.24,1,1
14:56:36,2.24,10,1
14:56:42,2.24,16,1
14:56:48,2.24,4,1
14:56:51,2.24,10,1
14:56:54,2.24,1,1
14:57:00,2.24,32,1
15:00:00,2.24,464,1
